
    <record>
        <leader>04289nab a2200565 u 4500</leader>
        <controlfield tag="001">9916289322707426</controlfield>
        <controlfield tag="005">20221118052810.0</controlfield>
        <controlfield tag="008">110617s2011 xx |||||o|||||||||||eng||</controlfield>
        <datafield tag="016" ind1="7" ind2=" ">
            <subfield code="a">IND44591654</subfield>
            <subfield code="2">DNAL</subfield>
        </datafield>
        <datafield tag="024" ind1="7" ind2=" ">
            <subfield code="a">10.1111/j.1365-2699.2011.02505.x</subfield>
            <subfield code="2">doi</subfield>
        </datafield>
        <datafield tag="035" ind1=" " ind2=" ">
            <subfield code="a">agid:644025-01nal_inst</subfield>
        </datafield>
        <datafield tag="040" ind1=" " ind2=" ">
            <subfield code="a">AGL</subfield>
            <subfield code="b">eng</subfield>
            <subfield code="c">AGL</subfield>
        </datafield>
        <datafield tag="100" ind1="1" ind2=" ">
            <subfield code="a">Webb, Edward L.</subfield>
        </datafield>
        <datafield tag="245" ind1="1" ind2="0">
            <subfield code="a">Frequent, low-amplitude disturbances drive high tree turnover rates
                on a remote, cyclone-prone Polynesian island</subfield>
        </datafield>
        <datafield tag="300" ind1=" " ind2=" ">
            <subfield code="a">p. 1240-1252.</subfield>
        </datafield>
        <datafield tag="500" ind1=" " ind2=" ">
            <subfield code="a">Includes references</subfield>
        </datafield>
        <datafield tag="500" ind1=" " ind2=" ">
            <subfield code="a">2019-12-06</subfield>
        </datafield>
        <datafield tag="520" ind1=" " ind2=" ">
            <subfield code="a">Aim How important are frequent, low-intensity disturbances to tree
                community dynamics of a cyclone-prone forest? We tested the following hypotheses
                concerning the ‘inter-cataclysm' period on a remote Polynesian island: (1) tree
                turnover would be high and recruitment rates would be significantly higher than
                mortality; (2) low-intensity disturbance would result in a marginal increase in tree
                mortality in the short term; (3) turnover would vary among species and would be
                associated with plant traits linked to differences in life history; and (4)
                mortality and recruitment events would be spatially non-random. Location Tutuila, a
                volcanic island in the Samoan Archipelago, Polynesia. Methods We censused the tree
                (stem diameter ≥ 10 cm) community in 3.9 ha of tropical forest three times over a
                10-year period, 1998-2008. We calculated annual mortality, recruitment and turnover
                rates for 36 tree species. We tested for non-random spatial patterns and predictors
                of mortality, and non-random spatial patterns of tree recruitment. A 2004 cyclone
                passing within 400 km allowed us to measure the effects of a non-cataclysmic
                disturbance on vital rates. Results Annual turnover was 2.8% and annual recruitment
                was 3.6%; these are some of the highest rates in the tropics, and likely to be a
                response to a cyclone that passed &lt; 50 km from Tutuila in 1991. Species turnover
                rates over 10 years were negatively correlated with wood specific gravity, and
                positively correlated with annual stem diameter increment. Mortality was spatially
                aggregated, and a function of site, species and an individual's growth rate.
                Recruitment was highest on ground with low slope. The low-magnitude cyclone
                disturbance in 2004 defoliated 29% of all trees, but killed only 1.8% of trees
                immediately and increased annual mortality over 5 years by 0.7%. Main conclusions
                The inter-cataclysm period on Tutuila is characterized by frequent, low-amplitude
                disturbances that promote high rates of tree recruitment and create a dynamic,
                non-equilibrium or disturbed island disequilibrium tree community. Species with low
                wood density and fast growth rates have enhanced opportunities for recruitment
                between cataclysms, but also higher probabilities of dying. Our results suggest that
                increases in the frequency of cyclone activity could shift relative abundances
                towards disturbance-specialist species and new forest turnover rates.</subfield>
        </datafield>
        <datafield tag="593" ind1=" " ind2=" ">
            <subfield code="a">PubAg article</subfield>
        </datafield>
        <datafield tag="650" ind1=" " ind2="3">
            <subfield code="a">correlation</subfield>
        </datafield>
        <datafield tag="650" ind1=" " ind2="3">
            <subfield code="a">life history</subfield>
        </datafield>
        <datafield tag="650" ind1=" " ind2="3">
            <subfield code="a">wood density</subfield>
        </datafield>
        <datafield tag="650" ind1=" " ind2="3">
            <subfield code="a">wood</subfield>
        </datafield>
        <datafield tag="650" ind1=" " ind2="3">
            <subfield code="a">tropical forests</subfield>
        </datafield>
        <datafield tag="650" ind1=" " ind2="3">
            <subfield code="a">trees</subfield>
        </datafield>
        <datafield tag="650" ind1=" " ind2="3">
            <subfield code="a">specific gravity</subfield>
        </datafield>
        <datafield tag="650" ind1=" " ind2="3">
            <subfield code="a">tree mortality</subfield>
        </datafield>
        <datafield tag="650" ind1=" " ind2="3">
            <subfield code="a">mortality</subfield>
        </datafield>
        <datafield tag="653" ind1=" " ind2="0">
            <subfield code="a">recruitment</subfield>
        </datafield>
        <datafield tag="700" ind1="1" ind2=" ">
            <subfield code="a">Seamon, Joshua O.</subfield>
        </datafield>
        <datafield tag="700" ind1="1" ind2=" ">
            <subfield code="a">Fa'aumu, Siaifoi</subfield>
        </datafield>
        <datafield tag="773" ind1="0" ind2=" ">
            <subfield code="t">Journal of biogeography.</subfield>
            <subfield code="g">2011 July, v. 38, no. 7 p.1240-1252</subfield>
            <subfield code="d">Blackwell Publishing Ltd</subfield>
            <subfield code="x">0305-0270</subfield>
            <subfield code="7">nnas</subfield>
        </datafield>
        <datafield tag="787" ind1="1" ind2=" ">
            <subfield code="o">islandora_article_repository</subfield>
        </datafield>
        <datafield tag="787" ind1="1" ind2=" ">
            <subfield code="o">product_pubag</subfield>
        </datafield>
        <datafield tag="787" ind1="1" ind2=" ">
            <subfield code="o">(Journal)jnl9765</subfield>
        </datafield>
        <datafield tag="852" ind1=" " ind2=" ">
            <subfield code="a">DNAL</subfield>
        </datafield>
        <datafield tag="856" ind1="4" ind2="0">
            <subfield code="u">http://dx.doi.org/10.1111/j.1365-2699.2011.02505.x</subfield>
            <subfield code="3">Available from publisher's Web site</subfield>
        </datafield>
        <datafield tag="912" ind1=" " ind2=" ">
            <subfield code="a">Article</subfield>
        </datafield>
        <datafield tag="914" ind1=" " ind2=" ">
            <subfield code="a">Journal:jnl9765</subfield>
            <subfield code="b">0305-0270</subfield>
            <subfield code="c">38</subfield>
            <subfield code="d">7</subfield>
            <subfield code="e">1240</subfield>
        </datafield>
        <datafield tag="914" ind1=" " ind2=" ">
            <subfield code="f">Journal of biogeography</subfield>
        </datafield>
        <datafield tag="917" ind1=" " ind2=" ">
            <subfield code="a">issued</subfield>
        </datafield>
        <datafield tag="935" ind1=" " ind2=" ">
            <subfield code="a">IND44591654</subfield>
            <subfield code="9">ExL</subfield>
        </datafield>
        <datafield tag="949" ind1=" " ind2=" ">
            <subfield code="a">2014-06-27</subfield>
        </datafield>
        <datafield tag="962" ind1=" " ind2=" ">
            <subfield code="a">Batch:574 annotated on 2014-06-10T15:15:01Z</subfield>
        </datafield>
        <datafield tag="962" ind1=" " ind2=" ">
            <subfield code="a">Batch:574 reviewed on 2014-06-27T11:00:02Z</subfield>
        </datafield>
        <datafield tag="962" ind1=" " ind2=" ">
            <subfield code="a">Batch:574 reviewed on 2014-06-27T16:00:02Z</subfield>
        </datafield>
        <datafield tag="974" ind1=" " ind2=" ">
            <subfield code="a">agid:644025</subfield>
        </datafield>
        <datafield tag="984" ind1=" " ind2=" ">
            <subfield code="a">2011-06-17</subfield>
        </datafield>
        <datafield tag="985" ind1=" " ind2=" ">
            <subfield code="a">Converted from MARCXML to MODS version 3.4 using
                MARC21slim2MODS3-4.xsl (Revision 1.94 2014/02/21)</subfield>
        </datafield>
        <datafield tag="986" ind1=" " ind2=" ">
            <subfield code="a">4591654</subfield>
        </datafield>
    </record>