
    <record>
        <leader>03246nab a2200433 u 4500</leader>
        <controlfield tag="001">9916290441907426</controlfield>
        <controlfield tag="005">20221118055346.0</controlfield>
        <controlfield tag="008">151127e201004 xx |||||o|||||||||||eng||</controlfield>
        <datafield tag="016" ind1="7" ind2=" ">
            <subfield code="a">IND601306789</subfield>
            <subfield code="2">DNAL</subfield>
        </datafield>
        <datafield tag="024" ind1="7" ind2=" ">
            <subfield code="a">10.1525/auk.2009.09077</subfield>
            <subfield code="2">doi</subfield>
        </datafield>
        <datafield tag="035" ind1=" " ind2=" ">
            <subfield code="a">agid:1306789-01nal_inst</subfield>
        </datafield>
        <datafield tag="040" ind1=" " ind2=" ">
            <subfield code="a">AGL</subfield>
            <subfield code="b">eng</subfield>
            <subfield code="c">AGL</subfield>
        </datafield>
        <datafield tag="100" ind1="1" ind2=" ">
            <subfield code="a">Petruskováá, Tereza</subfield>
            <subfield code="e">author</subfield>
            <subfield code="u">Department of Ecology, Faculty of Science, Charles University in
                Prague, Viniččnáá 7, CZ-12844 Prague 2, Czech Republic</subfield>
        </datafield>
        <datafield tag="245" ind1="1" ind2="0">
            <subfield code="a">Geographic Variation in Songs of the Tree Pipit (Anthus trivialis) at
                Two Spatial Scales</subfield>
        </datafield>
        <datafield tag="300" ind1=" " ind2=" ">
            <subfield code="a">p. 274-282.</subfield>
        </datafield>
        <datafield tag="520" ind1=" " ind2=" ">
            <subfield code="a">We studied geographic as well as individual variation of songs in
                five Czech populations of the Tree Pipit (Motacillidae: Anthus trivialis), a
                passerine bird with a medium-sized syllable repertoire and complex song. We focused
                on repertoire composition at the level of syllables (the smallest invariant song
                units) and of structures that are potentially important in recognition among
                individuals (i.e., bi-syllables, or regular repetitions of two different syllables)
                and among populations (introductory phrases). We tested the hypotheses that the
                repertoires reflect local dialects (i.e., different male origins) and that
                within-site similarities of male repertoires are distance dependent. The populations
                studied differed significantly in all analyzed characteristics. Male origin
                explained ∼∼18% of the variation in individual syllable repertoires. However, no
                clear within-site geographic structure in repertoire similarity was observed, either
                between closest neighbors or on larger scales. We observed a tendency for increased
                syllable sharing among males in a small and dense isolated population, which is
                consistent with recent studies that suggest the existence of strong effects of
                habitat fragmentation on geographic patterns of song variation. High individual
                variation was observed in bi-syllable repertoires, but whether this facilitates
                individual recognition is unknown and in need of further study.</subfield>
        </datafield>
        <datafield tag="592" ind1=" " ind2=" ">
            <subfield code="a">Publisher supplied data</subfield>
        </datafield>
        <datafield tag="653" ind1=" " ind2="0">
            <subfield code="a">Anthus trivialis</subfield>
        </datafield>
        <datafield tag="653" ind1=" " ind2="0">
            <subfield code="a">complex song</subfield>
        </datafield>
        <datafield tag="653" ind1=" " ind2="0">
            <subfield code="a">individual recognition</subfield>
        </datafield>
        <datafield tag="653" ind1=" " ind2="0">
            <subfield code="a">local dialects</subfield>
        </datafield>
        <datafield tag="653" ind1=" " ind2="0">
            <subfield code="a">repertoire similarity</subfield>
        </datafield>
        <datafield tag="653" ind1=" " ind2="0">
            <subfield code="a">Tree Pipit</subfield>
        </datafield>
        <datafield tag="700" ind1="1" ind2=" ">
            <subfield code="a">Osiejuk, Tomasz S.</subfield>
            <subfield code="e">author</subfield>
            <subfield code="u">Department of Behavioural Ecology, Institute of Environmental
                Biology, Faculty of Biology, Adam Mickiewicz University, Umultowska 89, PL-61614
                Poznańń, Poland</subfield>
        </datafield>
        <datafield tag="700" ind1="1" ind2=" ">
            <subfield code="a">Petrusek, Adam</subfield>
            <subfield code="e">author</subfield>
            <subfield code="u">Department of Ecology, Faculty of Science, Charles University in
                Prague, Viniččnáá 7, CZ-12844 Prague 2, Czech Republic</subfield>
        </datafield>
        <datafield tag="773" ind1="0" ind2=" ">
            <subfield code="t">Auk.</subfield>
            <subfield code="g">2010 Apr., v. 127, no. 2 p.274-282</subfield>
            <subfield code="d">University of California Press</subfield>
            <subfield code="x">1938-4254</subfield>
            <subfield code="7">nnas</subfield>
        </datafield>
        <datafield tag="787" ind1="1" ind2=" ">
            <subfield code="o">islandora_article_repository</subfield>
        </datafield>
        <datafield tag="787" ind1="1" ind2=" ">
            <subfield code="o">(Journal)19765</subfield>
        </datafield>
        <datafield tag="856" ind1="4" ind2="0">
            <subfield code="u">http://dx.doi.org/10.1525%2Fauk.2009.09077</subfield>
            <subfield code="3">Available from publisher's site</subfield>
        </datafield>
        <datafield tag="912" ind1=" " ind2=" ">
            <subfield code="a">Article</subfield>
        </datafield>
        <datafield tag="914" ind1=" " ind2=" ">
            <subfield code="a">Journal:19765</subfield>
            <subfield code="b">1938-4254</subfield>
            <subfield code="c">127</subfield>
            <subfield code="d">2</subfield>
            <subfield code="e">274</subfield>
        </datafield>
        <datafield tag="914" ind1=" " ind2=" ">
            <subfield code="f">Auk</subfield>
        </datafield>
        <datafield tag="917" ind1=" " ind2=" ">
            <subfield code="a">hold</subfield>
        </datafield>
        <datafield tag="918" ind1="2" ind2=" ">
            <subfield code="a">BioOne</subfield>
            <subfield code="e">provider</subfield>
            <subfield code="5">DNAL</subfield>
        </datafield>
        <datafield tag="935" ind1=" " ind2=" ">
            <subfield code="a">IND601306789</subfield>
            <subfield code="9">ExL</subfield>
        </datafield>
        <datafield tag="953" ind1=" " ind2=" ">
            <subfield code="a">TAUKv127i2-04290036-174909.zip</subfield>
        </datafield>
        <datafield tag="974" ind1=" " ind2=" ">
            <subfield code="a">agid:1306789</subfield>
        </datafield>
        <datafield tag="983" ind1=" " ind2=" ">
            <subfield code="a">2015-11-27</subfield>
        </datafield>
        <datafield tag="984" ind1=" " ind2=" ">
            <subfield code="a">2015-11-27</subfield>
        </datafield>
    </record>