
    <record>
        <leader>04148nab a2200625 u 4500</leader>
        <controlfield tag="001">9916290827507426</controlfield>
        <controlfield tag="005">20221118060928.0</controlfield>
        <controlfield tag="008">210911e20211101xx |||||o|||||||||||eng||</controlfield>
        <datafield tag="016" ind1="7" ind2=" ">
            <subfield code="a">IND607482949</subfield>
            <subfield code="2">DNAL</subfield>
        </datafield>
        <datafield tag="024" ind1="7" ind2=" ">
            <subfield code="a">10.1016/j.foreco.2021.119595</subfield>
            <subfield code="2">doi</subfield>
        </datafield>
        <datafield tag="035" ind1=" " ind2=" ">
            <subfield code="a">agid:7482949-01nal_inst</subfield>
        </datafield>
        <datafield tag="040" ind1=" " ind2=" ">
            <subfield code="a">AGL</subfield>
            <subfield code="b">eng</subfield>
            <subfield code="c">AGL</subfield>
        </datafield>
        <datafield tag="100" ind1="1" ind2=" ">
            <subfield code="a">Dangerfield, Cody R.</subfield>
            <subfield code="e">author</subfield>
            <subfield code="u">Department of Wildland Resources, Utah State University, 5200 Old
                Main Hill, Logan, UT 843222, United States</subfield>
        </datafield>
        <datafield tag="245" ind1="1" ind2="0">
            <subfield code="a">Long-term impacts of road disturbance on old-growth coast redwood
                forests</subfield>
        </datafield>
        <datafield tag="520" ind1=" " ind2=" ">
            <subfield code="a">In forest ecosystems, road expansions and other landcover changes
                create abrupt artificial boundaries that alter the microclimate along the forest
                edge, potentially impacting growth and physiology of bordering trees. To understand
                how previous landcover changes and road installations have affected coast redwoods
                (Sequoia sempervirens), we used dendroecological methods to contrast tree-ring
                growth patterns and stable isotopes (Δ¹³C) of redwoods before and after a known
                disturbance event, the expansion of Highway 101 in the 1950s, that bisected several
                old-growth stands of Humboldt Redwoods State Park. Increment cores were extracted
                from redwoods in old-growth stands that bordered the highway and other forest edges
                (secondary forests and agricultural fields) as well as two control areas.
                Disturbance detection methods and dendroclimatic modeling were then employed to
                determine whether the expansion led to growth suppression and elevated water stress.
                Tree-ring growth data indicated that the construction of Highway 101
                disproportionately impacted the growth of trees that were within 30 m of the highway
                and that these effects were particularly elevated in trees that currently exhibit
                crown dieback. Similarly, climatic modeling of tree-ring Δ¹³C data indicated that
                highway adjacent trees also experienced elevated water stress for several decades
                following the construction of the highway. By analyzing tree-ring data of redwoods
                within Humboldt Redwoods State Park, here we provide critical insight to the
                temporal and spatial implications of the habitat fragmentation and road installation
                that has been nearly ubiquitous in the redwood distribution since Euro-American
                settlement.</subfield>
        </datafield>
        <datafield tag="592" ind1=" " ind2=" ">
            <subfield code="a">Publisher supplied data</subfield>
        </datafield>
        <datafield tag="593" ind1=" " ind2=" ">
            <subfield code="a">PubAg article</subfield>
        </datafield>
        <datafield tag="650" ind1=" " ind2="3">
            <subfield code="a">Sequoia sempervirens</subfield>
        </datafield>
        <datafield tag="650" ind1=" " ind2="3">
            <subfield code="a">administrative management</subfield>
        </datafield>
        <datafield tag="650" ind1=" " ind2="3">
            <subfield code="a">coasts</subfield>
        </datafield>
        <datafield tag="650" ind1=" " ind2="3">
            <subfield code="a">dendroecology</subfield>
        </datafield>
        <datafield tag="650" ind1=" " ind2="3">
            <subfield code="a">dieback</subfield>
        </datafield>
        <datafield tag="650" ind1=" " ind2="3">
            <subfield code="a">edge effects</subfield>
        </datafield>
        <datafield tag="650" ind1=" " ind2="3">
            <subfield code="a">growth rings</subfield>
        </datafield>
        <datafield tag="650" ind1=" " ind2="3">
            <subfield code="a">habitat fragmentation</subfield>
        </datafield>
        <datafield tag="650" ind1=" " ind2="3">
            <subfield code="a">land cover</subfield>
        </datafield>
        <datafield tag="650" ind1=" " ind2="3">
            <subfield code="a">microclimate</subfield>
        </datafield>
        <datafield tag="650" ind1=" " ind2="3">
            <subfield code="a">physiology</subfield>
        </datafield>
        <datafield tag="650" ind1=" " ind2="3">
            <subfield code="a">state parks</subfield>
        </datafield>
        <datafield tag="650" ind1=" " ind2="3">
            <subfield code="a">water stress</subfield>
        </datafield>
        <datafield tag="653" ind1=" " ind2="0">
            <subfield code="a">Growth suppressions</subfield>
        </datafield>
        <datafield tag="653" ind1=" " ind2="0">
            <subfield code="a">Disturbance</subfield>
        </datafield>
        <datafield tag="653" ind1=" " ind2="0">
            <subfield code="a">Carbon isotope discrimination</subfield>
        </datafield>
        <datafield tag="700" ind1="1" ind2=" ">
            <subfield code="a">Voelker, Steve L.</subfield>
            <subfield code="e">author</subfield>
            <subfield code="u">College of Forest Resources and Environmental Science, Michigan
                Technological University, 178 Noblet Building, Houghton, MI 49931, United
                States</subfield>
        </datafield>
        <datafield tag="700" ind1="1" ind2=" ">
            <subfield code="a">Lee, Christopher A.</subfield>
            <subfield code="e">author</subfield>
            <subfield code="u">California Department of Forestry and Fire Protection, 118 S. Fortuna
                Blvd., Fortuna, CA 95540, United States</subfield>
        </datafield>
        <datafield tag="773" ind1="0" ind2=" ">
            <subfield code="t">Forest ecology and management.</subfield>
            <subfield code="g">2021 Nov. 01, v. 499 p.119595-</subfield>
            <subfield code="d">Elsevier B.V.</subfield>
            <subfield code="w">Journal:jnl9013</subfield>
            <subfield code="x">0378-1127</subfield>
            <subfield code="7">nnas</subfield>
        </datafield>
        <datafield tag="787" ind1="1" ind2=" ">
            <subfield code="o">islandora_article_repository</subfield>
        </datafield>
        <datafield tag="787" ind1="1" ind2=" ">
            <subfield code="o">product_pubag</subfield>
        </datafield>
        <datafield tag="787" ind1="1" ind2=" ">
            <subfield code="o">(Journal)jnl9013</subfield>
        </datafield>
        <datafield tag="856" ind1="4" ind2="0">
            <subfield code="u">https://dx.doi.org/10.1016/j.foreco.2021.119595</subfield>
            <subfield code="3">Available from publisher's site</subfield>
        </datafield>
        <datafield tag="912" ind1=" " ind2=" ">
            <subfield code="a">Article</subfield>
        </datafield>
        <datafield tag="914" ind1=" " ind2=" ">
            <subfield code="a">Journal:jnl9013</subfield>
            <subfield code="b">0378-1127</subfield>
            <subfield code="c">499</subfield>
            <subfield code="e">119595</subfield>
        </datafield>
        <datafield tag="914" ind1=" " ind2=" ">
            <subfield code="f">Forest ecology and management</subfield>
        </datafield>
        <datafield tag="916" ind1=" " ind2=" ">
            <subfield code="a">Batch:10191</subfield>
        </datafield>
        <datafield tag="917" ind1=" " ind2=" ">
            <subfield code="a">issued</subfield>
        </datafield>
        <datafield tag="918" ind1="2" ind2=" ">
            <subfield code="a">Elsevier Consyn</subfield>
            <subfield code="e">provider</subfield>
            <subfield code="5">DNAL</subfield>
        </datafield>
        <datafield tag="935" ind1=" " ind2=" ">
            <subfield code="a">IND607482949</subfield>
            <subfield code="9">ExL</subfield>
        </datafield>
        <datafield tag="949" ind1=" " ind2=" ">
            <subfield code="a">2022-02-22</subfield>
        </datafield>
        <datafield tag="952" ind1=" " ind2=" ">
            <subfield code="d">NAL-AP-2-clean</subfield>
        </datafield>
        <datafield tag="953" ind1=" " ind2=" ">
            <subfield code="a">/data/metadata/incoming/consyn/355906199649454918-00003-HEAD-ONLY-NEW
                CONSYN ISSNS.zip</subfield>
        </datafield>
        <datafield tag="954" ind1=" " ind2=" ">
            <subfield code="a">file:/data/metadata/staging/consyn/S037811272100685X.xml</subfield>
        </datafield>
        <datafield tag="955" ind1=" " ind2=" ">
            <subfield code="a">/data/metadata/staging/consyn/</subfield>
        </datafield>
        <datafield tag="974" ind1=" " ind2=" ">
            <subfield code="a">agid:7482949</subfield>
        </datafield>
        <datafield tag="983" ind1=" " ind2=" ">
            <subfield code="a">2021-09-11</subfield>
        </datafield>
        <datafield tag="984" ind1=" " ind2=" ">
            <subfield code="a">2022-02-17</subfield>
        </datafield>
    </record>