
    <record>
        <leader>02373nab a2200421 u 4500</leader>
        <controlfield tag="001">9916292689107426</controlfield>
        <controlfield tag="005">20221118065457.0</controlfield>
        <controlfield tag="008">151101e201112 xx |||||o|||||||||||eng||</controlfield>
        <datafield tag="016" ind1="7" ind2=" ">
            <subfield code="a">IND601250285</subfield>
            <subfield code="2">DNAL</subfield>
        </datafield>
        <datafield tag="024" ind1="7" ind2=" ">
            <subfield code="a">10.1636/P10-29.1</subfield>
            <subfield code="2">doi</subfield>
        </datafield>
        <datafield tag="035" ind1=" " ind2=" ">
            <subfield code="a">agid:1250285-01nal_inst</subfield>
        </datafield>
        <datafield tag="040" ind1=" " ind2=" ">
            <subfield code="a">AGL</subfield>
            <subfield code="b">eng</subfield>
            <subfield code="c">AGL</subfield>
        </datafield>
        <datafield tag="100" ind1="1" ind2=" ">
            <subfield code="a">Reichling, Steven B.</subfield>
            <subfield code="e">author</subfield>
            <subfield code="u">Memphis Zoo, 2000 Prentiss Place, Memphis, Tennessee 38112
                USA</subfield>
        </datafield>
        <datafield tag="245" ind1="1" ind2="0">
            <subfield code="a">Aggregations of Sphodros rufipes (Araneae: Atypidae) in an urban
                forest</subfield>
        </datafield>
        <datafield tag="300" ind1=" " ind2=" ">
            <subfield code="a">p. 503-505.</subfield>
        </datafield>
        <datafield tag="520" ind1=" " ind2=" ">
            <subfield code="a">A large population of Sphodros rufipes (Latreille 1829) was
                discovered in a municipal park in Memphis, Tennessee. We examined potential stem
                diameter preference, frequency of web attachment to available tree species and the
                spatial distribution patterns of spiders and potential attachment structures. A wide
                range of structure diameters were utilized for web attachment. The association of
                pursewebs to tree taxa was independent of the frequency of tree taxa occurrence. The
                spacing of vegetation stems and trunks was approximately random, but spiders
                exhibited a nonrandom, aggregated distribution, which was more pronounced in
                subadults than adults. The factors influencing S. rufipes to occur in aggregations
                cannot be explained by the spatial proximity of potential attachment structures in
                the forest.</subfield>
        </datafield>
        <datafield tag="592" ind1=" " ind2=" ">
            <subfield code="a">Publisher supplied data</subfield>
        </datafield>
        <datafield tag="653" ind1=" " ind2="0">
            <subfield code="a">Purseweb spider</subfield>
        </datafield>
        <datafield tag="653" ind1=" " ind2="0">
            <subfield code="a">random distribution</subfield>
        </datafield>
        <datafield tag="653" ind1=" " ind2="0">
            <subfield code="a">aggregations</subfield>
        </datafield>
        <datafield tag="653" ind1=" " ind2="0">
            <subfield code="a">density</subfield>
        </datafield>
        <datafield tag="653" ind1=" " ind2="0">
            <subfield code="a">tree preference</subfield>
        </datafield>
        <datafield tag="700" ind1="1" ind2=" ">
            <subfield code="a">Baker, Christopher</subfield>
            <subfield code="e">author</subfield>
            <subfield code="u">Memphis Zoo, 2000 Prentiss Place, Memphis, Tennessee 38112
                USA</subfield>
        </datafield>
        <datafield tag="700" ind1="1" ind2=" ">
            <subfield code="a">Swatzell, Christina</subfield>
            <subfield code="e">author</subfield>
            <subfield code="u">Pace Law School, 78 North Broadway, White Plains, New York 10603
                USA</subfield>
        </datafield>
        <datafield tag="773" ind1="0" ind2=" ">
            <subfield code="t">Journal of arachnology.</subfield>
            <subfield code="g">2011 Dec., v. 39, no. 3 p.503-505</subfield>
            <subfield code="d">American Arachnological Society</subfield>
            <subfield code="x">0161-8202</subfield>
            <subfield code="7">nnas</subfield>
        </datafield>
        <datafield tag="787" ind1="1" ind2=" ">
            <subfield code="o">islandora_article_repository</subfield>
        </datafield>
        <datafield tag="787" ind1="1" ind2=" ">
            <subfield code="o">(Journal)jnl7320</subfield>
        </datafield>
        <datafield tag="856" ind1="4" ind2="0">
            <subfield code="u">http://dx.doi.org/10.1636%2FP10-29.1</subfield>
            <subfield code="3">Available from publisher's site</subfield>
        </datafield>
        <datafield tag="912" ind1=" " ind2=" ">
            <subfield code="a">Article</subfield>
        </datafield>
        <datafield tag="914" ind1=" " ind2=" ">
            <subfield code="a">Journal:jnl7320</subfield>
            <subfield code="b">0161-8202</subfield>
            <subfield code="c">39</subfield>
            <subfield code="d">3</subfield>
            <subfield code="e">503</subfield>
        </datafield>
        <datafield tag="914" ind1=" " ind2=" ">
            <subfield code="f">Journal of arachnology</subfield>
        </datafield>
        <datafield tag="917" ind1=" " ind2=" ">
            <subfield code="a">hold</subfield>
        </datafield>
        <datafield tag="918" ind1="2" ind2=" ">
            <subfield code="a">BioOne</subfield>
            <subfield code="e">provider</subfield>
            <subfield code="5">DNAL</subfield>
        </datafield>
        <datafield tag="935" ind1=" " ind2=" ">
            <subfield code="a">IND601250285</subfield>
            <subfield code="9">ExL</subfield>
        </datafield>
        <datafield tag="953" ind1=" " ind2=" ">
            <subfield code="a">ARACv39i3-12120936-221340.zip</subfield>
        </datafield>
        <datafield tag="974" ind1=" " ind2=" ">
            <subfield code="a">agid:1250285</subfield>
        </datafield>
        <datafield tag="983" ind1=" " ind2=" ">
            <subfield code="a">2015-11-01</subfield>
        </datafield>
        <datafield tag="984" ind1=" " ind2=" ">
            <subfield code="a">2015-11-01</subfield>
        </datafield>
    </record>