
    <record>
        <leader>04248nab a2200673 u 4500</leader>
        <controlfield tag="001">9916292955007426</controlfield>
        <controlfield tag="005">20221118071015.0</controlfield>
        <controlfield tag="008">130414e201305 xx |||||o|||||||||||eng||</controlfield>
        <datafield tag="016" ind1="7" ind2=" ">
            <subfield code="a">IND500649921</subfield>
            <subfield code="2">DNAL</subfield>
        </datafield>
        <datafield tag="024" ind1="7" ind2=" ">
            <subfield code="a">10.1007/s10342-013-0685-2</subfield>
            <subfield code="2">doi</subfield>
        </datafield>
        <datafield tag="035" ind1=" " ind2=" ">
            <subfield code="a">agid:422262-01nal_inst</subfield>
        </datafield>
        <datafield tag="040" ind1=" " ind2=" ">
            <subfield code="a">AGL</subfield>
            <subfield code="b">eng</subfield>
            <subfield code="c">AGL</subfield>
        </datafield>
        <datafield tag="100" ind1="1" ind2=" ">
            <subfield code="a">Kautz, Markus</subfield>
            <subfield code="e">author</subfield>
            <subfield code="u">Department of Ecology and Ecosystem Management, Institute of Animal
                Ecology, Technische Universität München, Hans-Carl-von-Carlowitz-Platz 2, 85350,
                Freising, Germany, kautz@wzw.tum.de</subfield>
        </datafield>
        <datafield tag="245" ind1="1" ind2="4">
            <subfield code="a">The “sun-effect”: microclimatic alterations predispose forest edges
                to bark beetle infestations</subfield>
        </datafield>
        <datafield tag="300" ind1=" " ind2=" ">
            <subfield code="a">p. 453-465.</subfield>
        </datafield>
        <datafield tag="520" ind1=" " ind2=" ">
            <subfield code="a">Bark beetle dispersal and host selection behaviour are a complex and
                poorly understood process, resulting in specific spatio-temporal infestation
                patterns in forests. Aerial images from the Bavarian Forest National Park (Germany)
                provide a high-resolution, that is, tree-scale data set for the period 2001–2010,
                including information about Ips typographus (Col., Curculio., Scolytinae)
                infestation, the application of sanitary logging, natural forest edges and the area
                of living spruce susceptible to bark beetle infestation. We combined methods of GIS
                and image analysis to investigate the infestation probabilities at three types of
                forest edges under spatial and temporal aspects and compared them to the
                corresponding probabilities at the stand interior. Our results showed a pronounced
                infestation predisposition of such edge trees delimiting infestation patches cleared
                by sanitary logging measures, in particular at the south-facing edge sector. In
                contrast, edges adjacent to non-cleared infestation were revealed as less attractive
                for subsequent infestations, but nonetheless more attractive than permanent forest
                edges or the stand interior. Additionally, we measured near-bark surface air
                temperature to determine microclimatic differences at those edge- or non-edge sites
                and related them to predisposition results. Finally, our study emphasized favourable
                microclimatic conditions—summarized as the “sun-effect”—as a decisive factor
                enhancing the local infestation probability at recent forest edges in multiple ways.
                Both insect- and host tree-related reactions to suddenly altered microclimate are
                supposed to bias arbitrary colonization behaviour at patch and tree level, thereby
                mainly explaining observed infestation patterns. From the forester’s point of view,
                our results may contribute to precise bark beetle risk assessment and thus
                facilitate decision making in forest management.</subfield>
        </datafield>
        <datafield tag="592" ind1=" " ind2=" ">
            <subfield code="a">Publisher supplied data</subfield>
        </datafield>
        <datafield tag="593" ind1=" " ind2=" ">
            <subfield code="a">PubAg article</subfield>
        </datafield>
        <datafield tag="650" ind1=" " ind2="3">
            <subfield code="a">Curculio</subfield>
        </datafield>
        <datafield tag="650" ind1=" " ind2="3">
            <subfield code="a">Ips typographus</subfield>
        </datafield>
        <datafield tag="650" ind1=" " ind2="3">
            <subfield code="a">bark beetles</subfield>
        </datafield>
        <datafield tag="650" ind1=" " ind2="3">
            <subfield code="a">decision making</subfield>
        </datafield>
        <datafield tag="650" ind1=" " ind2="3">
            <subfield code="a">edge effects</subfield>
        </datafield>
        <datafield tag="650" ind1=" " ind2="3">
            <subfield code="a">forest management</subfield>
        </datafield>
        <datafield tag="650" ind1=" " ind2="3">
            <subfield code="a">forest stands</subfield>
        </datafield>
        <datafield tag="650" ind1=" " ind2="3">
            <subfield code="a">forest types</subfield>
        </datafield>
        <datafield tag="650" ind1=" " ind2="3">
            <subfield code="a">foresters</subfield>
        </datafield>
        <datafield tag="650" ind1=" " ind2="3">
            <subfield code="a">geographic information systems</subfield>
        </datafield>
        <datafield tag="650" ind1=" " ind2="3">
            <subfield code="a">hosts</subfield>
        </datafield>
        <datafield tag="650" ind1=" " ind2="3">
            <subfield code="a">image analysis</subfield>
        </datafield>
        <datafield tag="650" ind1=" " ind2="3">
            <subfield code="a">logging</subfield>
        </datafield>
        <datafield tag="650" ind1=" " ind2="3">
            <subfield code="a">microclimate</subfield>
        </datafield>
        <datafield tag="650" ind1=" " ind2="3">
            <subfield code="a">national forests</subfield>
        </datafield>
        <datafield tag="650" ind1=" " ind2="3">
            <subfield code="a">national parks</subfield>
        </datafield>
        <datafield tag="650" ind1=" " ind2="3">
            <subfield code="a">probability</subfield>
        </datafield>
        <datafield tag="650" ind1=" " ind2="3">
            <subfield code="a">risk assessment</subfield>
        </datafield>
        <datafield tag="650" ind1=" " ind2="3">
            <subfield code="a">surface temperature</subfield>
        </datafield>
        <datafield tag="650" ind1=" " ind2="3">
            <subfield code="a">trees</subfield>
        </datafield>
        <datafield tag="651" ind1=" " ind2="3">
            <subfield code="a">Germany</subfield>
        </datafield>
        <datafield tag="700" ind1="1" ind2=" ">
            <subfield code="a">Schopf, Reinhard</subfield>
            <subfield code="e">author</subfield>
        </datafield>
        <datafield tag="700" ind1="1" ind2=" ">
            <subfield code="a">Ohser, Joachim</subfield>
            <subfield code="e">author</subfield>
        </datafield>
        <datafield tag="773" ind1="0" ind2=" ">
            <subfield code="t">European journal of forest research.</subfield>
            <subfield code="g">2013 May, v. 132, no. 3 p.453-465</subfield>
            <subfield code="d">Springer-Verlag</subfield>
            <subfield code="x">1612-4669</subfield>
            <subfield code="7">nnas</subfield>
        </datafield>
        <datafield tag="787" ind1="1" ind2=" ">
            <subfield code="o">islandora_article_repository</subfield>
        </datafield>
        <datafield tag="787" ind1="1" ind2=" ">
            <subfield code="o">product_pubag</subfield>
        </datafield>
        <datafield tag="787" ind1="1" ind2=" ">
            <subfield code="o">(Journal)jnl3870054</subfield>
        </datafield>
        <datafield tag="856" ind1="4" ind2="0">
            <subfield code="u">http://dx.doi.org/10.1007/s10342-013-0685-2</subfield>
        </datafield>
        <datafield tag="912" ind1=" " ind2=" ">
            <subfield code="a">Article</subfield>
        </datafield>
        <datafield tag="914" ind1=" " ind2=" ">
            <subfield code="a">Journal:jnl3870054</subfield>
            <subfield code="b">1612-4669</subfield>
            <subfield code="c">132</subfield>
            <subfield code="d">3</subfield>
            <subfield code="e">453</subfield>
        </datafield>
        <datafield tag="914" ind1=" " ind2=" ">
            <subfield code="f">European journal of forest research</subfield>
        </datafield>
        <datafield tag="917" ind1=" " ind2=" ">
            <subfield code="a">issued</subfield>
        </datafield>
        <datafield tag="918" ind1="2" ind2=" ">
            <subfield code="a">Springer</subfield>
            <subfield code="e">provider</subfield>
            <subfield code="5">DNAL</subfield>
        </datafield>
        <datafield tag="935" ind1=" " ind2=" ">
            <subfield code="a">IND500649921</subfield>
            <subfield code="9">ExL</subfield>
        </datafield>
        <datafield tag="949" ind1=" " ind2=" ">
            <subfield code="a">2013-09-17</subfield>
        </datafield>
        <datafield tag="951" ind1=" " ind2=" ">
            <subfield code="a">2013-04-14</subfield>
        </datafield>
        <datafield tag="953" ind1=" " ind2=" ">
            <subfield code="a">ftp_PUB_13-04-13_17-48-57.zip</subfield>
        </datafield>
        <datafield tag="962" ind1=" " ind2=" ">
            <subfield code="a">Journal title changed from 'Eur J Forest Res'</subfield>
        </datafield>
        <datafield tag="962" ind1=" " ind2=" ">
            <subfield code="a">Batch:332 annotated on 2013-08-27T15:22:07Z</subfield>
        </datafield>
        <datafield tag="962" ind1=" " ind2=" ">
            <subfield code="a">Batch:332 reviewed on 2013-09-17T14:00:02Z</subfield>
        </datafield>
        <datafield tag="974" ind1=" " ind2=" ">
            <subfield code="a">agid:422262</subfield>
        </datafield>
    </record>