
    <record>
        <leader>04301nab a2200661 u 4500</leader>
        <controlfield tag="001">9916293063507426</controlfield>
        <controlfield tag="005">20221118070617.0</controlfield>
        <controlfield tag="008">190412e201709 xx |||||o|||||||||||eng||</controlfield>
        <datafield tag="016" ind1="7" ind2=" ">
            <subfield code="a">IND605692187</subfield>
            <subfield code="2">DNAL</subfield>
        </datafield>
        <datafield tag="024" ind1="7" ind2=" ">
            <subfield code="a">10.1016/j.ecolind.2017.05.022</subfield>
            <subfield code="2">chorus</subfield>
        </datafield>
        <datafield tag="024" ind1="7" ind2=" ">
            <subfield code="a">10.1016/j.ecolind.2017.05.022</subfield>
            <subfield code="2">doi</subfield>
        </datafield>
        <datafield tag="024" ind1="7" ind2=" ">
            <subfield code="a">10.1016/j.ecolind.2017.05.022</subfield>
            <subfield code="2">chorusOpen</subfield>
        </datafield>
        <datafield tag="035" ind1=" " ind2=" ">
            <subfield code="a">agid:5692187-01nal_inst</subfield>
        </datafield>
        <datafield tag="040" ind1=" " ind2=" ">
            <subfield code="a">AGL</subfield>
            <subfield code="b">eng</subfield>
            <subfield code="c">AGL</subfield>
        </datafield>
        <datafield tag="100" ind1="1" ind2=" ">
            <subfield code="a">Riitters, Kurt</subfield>
            <subfield code="e">author</subfield>
            <subfield code="u">Southern Research Station, United States Department of Agriculture,
                Forest Service, 3041 Cornwallis Road, Research Triangle Park, NC, 27709,
                USA</subfield>
        </datafield>
        <datafield tag="245" ind1="1" ind2="0">
            <subfield code="a">Interpreting multiscale domains of tree cover disturbance patterns in
                North America</subfield>
        </datafield>
        <datafield tag="300" ind1=" " ind2=" ">
            <subfield code="a">p. 147-152.</subfield>
        </datafield>
        <datafield tag="506" ind1=" " ind2=" ">
            <subfield code="a">Resource is Open Access</subfield>
            <subfield code="u">http://purl.org/eprint/accessRights/OpenAccess</subfield>
            <subfield code="f">Unrestricted online access</subfield>
            <subfield code="2">star</subfield>
        </datafield>
        <datafield tag="506" ind1=" " ind2=" ">
            <subfield code="a">CHORUS License Information</subfield>
            <subfield code="f">Unrestricted online access</subfield>
            <subfield code="2">star</subfield>
        </datafield>
        <datafield tag="506" ind1=" " ind2=" ">
            <subfield code="a">CHORUS License Information</subfield>
            <subfield code="f">Unrestricted online access</subfield>
            <subfield code="2">star</subfield>
        </datafield>
        <datafield tag="520" ind1=" " ind2=" ">
            <subfield code="a">Spatial patterns at multiple observation scales provide a framework
                to improve understanding of pattern-related phenomena. However, the metrics that are
                most sensitive to local patterns are least likely to exhibit consistent scaling
                relations with increasing extent (observation scale). A conceptual framework based
                on multiscale domains (i.e., geographic locations exhibiting similar scaling
                relations) allows the use of sensitive pattern metrics, but more work is needed to
                understand the actual patterns represented by multiscale domains. The objective of
                this study was to improve the interpretation of scale-dependent patterns represented
                by multiscale domains. Using maps of tree cover disturbance covering North American
                forest biomes from 2000 to 2012, each 0.09-ha location was described by the
                proportion and contagion of disturbance in its neighborhood, for 10 neighborhood
                extents from 0.81ha to 180km2. A k-means analysis identified 13 disturbance profiles
                based on the similarity of disturbance proportion and contagion across neighborhood
                extent. A wall to wall map of multiscale domains was produced by assigning each
                location (disturbed and undisturbed) to its nearest disturbance profile in
                multiscale pattern space. The multiscale domains were interpreted as representing
                two aspects of local patterns – the proximity of a location to disturbance, and the
                interior-exterior relationship of a location relative to nearby disturbed
                areas.</subfield>
        </datafield>
        <datafield tag="592" ind1=" " ind2=" ">
            <subfield code="a">Publisher supplied data</subfield>
        </datafield>
        <datafield tag="593" ind1=" " ind2=" ">
            <subfield code="a">PubAg article</subfield>
        </datafield>
        <datafield tag="596" ind1=" " ind2=" ">
            <subfield code="c">Office of Experimental Program to Stimulate Competitive
                Research</subfield>
            <subfield code="d">https://doi.org/10.13039/100005714</subfield>
        </datafield>
        <datafield tag="596" ind1=" " ind2=" ">
            <subfield code="c">U.S. Forest Service</subfield>
            <subfield code="d">https://doi.org/10.13039/100006959</subfield>
        </datafield>
        <datafield tag="650" ind1=" " ind2="3">
            <subfield code="a">ecosystems</subfield>
        </datafield>
        <datafield tag="650" ind1=" " ind2="3">
            <subfield code="a">forests</subfield>
        </datafield>
        <datafield tag="650" ind1=" " ind2="3">
            <subfield code="a">trees</subfield>
        </datafield>
        <datafield tag="651" ind1=" " ind2="3">
            <subfield code="a">North America</subfield>
        </datafield>
        <datafield tag="653" ind1=" " ind2="0">
            <subfield code="a">Scale</subfield>
        </datafield>
        <datafield tag="653" ind1=" " ind2="0">
            <subfield code="a">Scale domains</subfield>
        </datafield>
        <datafield tag="653" ind1=" " ind2="0">
            <subfield code="a">Landscape pattern</subfield>
        </datafield>
        <datafield tag="653" ind1=" " ind2="0">
            <subfield code="a">Disturbance profile</subfield>
        </datafield>
        <datafield tag="700" ind1="1" ind2=" ">
            <subfield code="a">Costanza, Jennifer K.</subfield>
            <subfield code="e">author</subfield>
            <subfield code="u">Department of Forestry and Environmental Resources, North Carolina
                State University, Raleigh, NC, 27695, USA</subfield>
        </datafield>
        <datafield tag="700" ind1="1" ind2=" ">
            <subfield code="a">Buma, Brian</subfield>
            <subfield code="e">author</subfield>
            <subfield code="u">Department of Natural Sciences, University of Alaska Southeast,
                Juneau, AK, 99801, USA</subfield>
        </datafield>
        <datafield tag="773" ind1="0" ind2=" ">
            <subfield code="t">Ecological indicators.</subfield>
            <subfield code="g">2017 Sept., v. 80 p.147-152</subfield>
            <subfield code="d">Elsevier Ltd</subfield>
            <subfield code="w">Journal:6196</subfield>
            <subfield code="x">1470-160X</subfield>
            <subfield code="7">nnas</subfield>
        </datafield>
        <datafield tag="787" ind1="1" ind2=" ">
            <subfield code="o">islandora_article_repository</subfield>
        </datafield>
        <datafield tag="787" ind1="1" ind2=" ">
            <subfield code="o">product_pubag</subfield>
        </datafield>
        <datafield tag="787" ind1="1" ind2=" ">
            <subfield code="o">(Journal)6196</subfield>
        </datafield>
        <datafield tag="856" ind1="4" ind2="0">
            <subfield code="u">https://dx.doi.org/10.1016/j.ecolind.2017.05.022</subfield>
            <subfield code="3">Available from publisher's site</subfield>
        </datafield>
        <datafield tag="856" ind1="4" ind2="0">
            <subfield code="u">http://handle.nal.usda.gov/10113/5692187</subfield>
        </datafield>
        <datafield tag="912" ind1=" " ind2=" ">
            <subfield code="a">Article</subfield>
        </datafield>
        <datafield tag="914" ind1=" " ind2=" ">
            <subfield code="a">Journal:6196</subfield>
            <subfield code="b">1470-160X</subfield>
            <subfield code="c">80</subfield>
            <subfield code="e">147</subfield>
        </datafield>
        <datafield tag="914" ind1=" " ind2=" ">
            <subfield code="f">Ecological indicators</subfield>
        </datafield>
        <datafield tag="916" ind1=" " ind2=" ">
            <subfield code="a">Batch:1791</subfield>
        </datafield>
        <datafield tag="917" ind1=" " ind2=" ">
            <subfield code="a">issued</subfield>
        </datafield>
        <datafield tag="918" ind1="2" ind2=" ">
            <subfield code="a">Elsevier Consyn</subfield>
            <subfield code="e">provider</subfield>
            <subfield code="5">DNAL</subfield>
        </datafield>
        <datafield tag="935" ind1=" " ind2=" ">
            <subfield code="a">IND605692187</subfield>
            <subfield code="9">ExL</subfield>
        </datafield>
        <datafield tag="949" ind1=" " ind2=" ">
            <subfield code="a">2020-03-06</subfield>
        </datafield>
        <datafield tag="953" ind1=" " ind2=" ">
            <subfield code="a"
                >/data/metadata/incoming/consyn-backfiles/46-2-00100-HEAD-ONLY.zip</subfield>
        </datafield>
        <datafield tag="954" ind1=" " ind2=" ">
            <subfield code="a"
                >file:/data/metadata/staging/consyn-backfiles/S1470160X17302686.xml</subfield>
        </datafield>
        <datafield tag="955" ind1=" " ind2=" ">
            <subfield code="a">/data/metadata/staging/consyn-backfiles/</subfield>
        </datafield>
        <datafield tag="961" ind1=" " ind2=" ">
            <subfield code="a">USDA/FSUSDA</subfield>
        </datafield>
        <datafield tag="962" ind1=" " ind2=" ">
            <subfield code="a">USDA Scientist Submission; eISSN 1872-7034</subfield>
        </datafield>
        <datafield tag="962" ind1=" " ind2=" ">
            <subfield code="a">Missing ISSN</subfield>
        </datafield>
        <datafield tag="974" ind1=" " ind2=" ">
            <subfield code="a">agid:5692187</subfield>
        </datafield>
        <datafield tag="983" ind1=" " ind2=" ">
            <subfield code="a">2019-04-12</subfield>
        </datafield>
        <datafield tag="984" ind1=" " ind2=" ">
            <subfield code="a">2022-09-06</subfield>
        </datafield>
    </record>