
    <record>
        <leader>04756nab a2200613 u 4500</leader>
        <controlfield tag="001">9916293466107426</controlfield>
        <controlfield tag="005">20221118073608.0</controlfield>
        <controlfield tag="008">190719e201809 xx |||||o|||||||||||eng||</controlfield>
        <datafield tag="016" ind1="7" ind2=" ">
            <subfield code="a">IND606119146</subfield>
            <subfield code="2">DNAL</subfield>
        </datafield>
        <datafield tag="024" ind1="7" ind2=" ">
            <subfield code="a">10.1016/j.landusepol.2018.06.022</subfield>
            <subfield code="2">doi</subfield>
        </datafield>
        <datafield tag="035" ind1=" " ind2=" ">
            <subfield code="a">agid:6119146-01nal_inst</subfield>
        </datafield>
        <datafield tag="040" ind1=" " ind2=" ">
            <subfield code="a">AGL</subfield>
            <subfield code="b">eng</subfield>
            <subfield code="c">AGL</subfield>
        </datafield>
        <datafield tag="100" ind1="1" ind2=" ">
            <subfield code="a">Feng, Yuhao</subfield>
            <subfield code="e">author</subfield>
            <subfield code="u">School of Resource and Environmental Sciences, Wuhan University,
                Wuhan, China</subfield>
        </datafield>
        <datafield tag="245" ind1="1" ind2="0">
            <subfield code="a">Spatiotemporal characterization of megaregional poly-centrality:
                Evidence for new urban hypotheses and implications for polycentric
                policies</subfield>
        </datafield>
        <datafield tag="300" ind1=" " ind2=" ">
            <subfield code="a">p. 712-731.</subfield>
        </datafield>
        <datafield tag="520" ind1=" " ind2=" ">
            <subfield code="a">Poly-centrality is an essential feature of megaregions and is
                generally considered an important source of megaregional vitality and
                competitiveness. Numerous studies have highlighted the growing trends of
                poly-centrality across different megaregions worldwide. However, with accelerated
                urbanization, some observations suggest that the existing polycentric urban theories
                must be improved and that decision-makers require more knowledge on the potential
                trends, spatial characteristics and influencing factors of polycentric development
                to implement sustainable regional governance under this context. This paper proposes
                a series of hypotheses on spatiotemporal dynamics of polycentric megaregion
                evolution and verifies them in an empirical study on the Megaregion around Hangzhou
                Bay (MAHB). A new algorithm, which is applicable for long time series data, is
                proposed to evaluate and monitor the status of polycentric development in MAHB. In
                particular, landscape metrics and average nearest neighbor analysis are employed in
                the first stage of our algorithm which is designed to implement data compression.
                Then, the gravity model, minimum spanning tree (MST) and weighed betweenness
                centrality indicator form the second stage which aims to construct and explore the
                polycentric megaregional network. Results show that: (1) the speed and patterns of
                built-up land expansion significantly affect the number and distribution of
                megaregion centers; (2) the value of poly-centrality reaches a maximum in
                approximately 2013 and then declines, which can be well fitted by a Gaussian curve;
                and (3) the variation of poly-centrality is successively dominated by an increase
                and decrease in the number of centers with urbanization. This paper renews the
                assumptions in current polycentric evolution models and provides evidences for
                single-peaked change of megaregion center number instead of “wave-like”,
                “scaling-up” or monotonous change proposed in existing urban theories. The proposed
                algorithm and assumed mechanisms can also be applied to model and explore
                poly-centrality dynamics of other megaregions around the world. The results are
                believed to provide critical implications for polycentric policies.</subfield>
        </datafield>
        <datafield tag="592" ind1=" " ind2=" ">
            <subfield code="a">Publisher supplied data</subfield>
        </datafield>
        <datafield tag="593" ind1=" " ind2=" ">
            <subfield code="a">PubAg article</subfield>
        </datafield>
        <datafield tag="650" ind1=" " ind2="3">
            <subfield code="a">algorithms</subfield>
        </datafield>
        <datafield tag="650" ind1=" " ind2="3">
            <subfield code="a">decision making</subfield>
        </datafield>
        <datafield tag="650" ind1=" " ind2="3">
            <subfield code="a">governance</subfield>
        </datafield>
        <datafield tag="650" ind1=" " ind2="3">
            <subfield code="a">issues and policy</subfield>
        </datafield>
        <datafield tag="650" ind1=" " ind2="3">
            <subfield code="a">landscapes</subfield>
        </datafield>
        <datafield tag="650" ind1=" " ind2="3">
            <subfield code="a">models</subfield>
        </datafield>
        <datafield tag="650" ind1=" " ind2="3">
            <subfield code="a">time series analysis</subfield>
        </datafield>
        <datafield tag="650" ind1=" " ind2="3">
            <subfield code="a">urbanization</subfield>
        </datafield>
        <datafield tag="653" ind1=" " ind2="0">
            <subfield code="a">Polycentric structure</subfield>
        </datafield>
        <datafield tag="653" ind1=" " ind2="0">
            <subfield code="a">Megaregion</subfield>
        </datafield>
        <datafield tag="653" ind1=" " ind2="0">
            <subfield code="a">Urban expansion</subfield>
        </datafield>
        <datafield tag="653" ind1=" " ind2="0">
            <subfield code="a">Land use change modeling</subfield>
        </datafield>
        <datafield tag="700" ind1="1" ind2=" ">
            <subfield code="a">Wu, Shufan</subfield>
            <subfield code="e">author</subfield>
            <subfield code="u">School of Resource and Environmental Sciences, Wuhan University,
                Wuhan, China</subfield>
        </datafield>
        <datafield tag="700" ind1="1" ind2=" ">
            <subfield code="a">Wu, Peixin</subfield>
            <subfield code="e">author</subfield>
            <subfield code="u">School of Resource and Environmental Sciences, Wuhan University,
                Wuhan, China</subfield>
        </datafield>
        <datafield tag="700" ind1="1" ind2=" ">
            <subfield code="a">Su, Shiliang</subfield>
            <subfield code="e">author</subfield>
            <subfield code="u">School of Resource and Environmental Sciences, Wuhan University,
                Wuhan, China</subfield>
        </datafield>
        <datafield tag="700" ind1="1" ind2=" ">
            <subfield code="a">Weng, Min</subfield>
            <subfield code="e">author</subfield>
            <subfield code="u">School of Resource and Environmental Sciences, Wuhan University,
                Wuhan, China</subfield>
        </datafield>
        <datafield tag="700" ind1="1" ind2=" ">
            <subfield code="a">Bian, Meng</subfield>
            <subfield code="e">author</subfield>
            <subfield code="u">School of Remote Sensing and Information Engineering, Wuhan
                University, Wuhan, China</subfield>
        </datafield>
        <datafield tag="773" ind1="0" ind2=" ">
            <subfield code="t">Land use policy.</subfield>
            <subfield code="g">2018 Sept., v. 77 p.712-731</subfield>
            <subfield code="d">Elsevier Ltd</subfield>
            <subfield code="w">Journal:12412</subfield>
            <subfield code="x">0264-8377</subfield>
            <subfield code="7">nnas</subfield>
        </datafield>
        <datafield tag="787" ind1="1" ind2=" ">
            <subfield code="o">islandora_article_repository</subfield>
        </datafield>
        <datafield tag="787" ind1="1" ind2=" ">
            <subfield code="o">product_pubag</subfield>
        </datafield>
        <datafield tag="787" ind1="1" ind2=" ">
            <subfield code="o">(Journal)12412</subfield>
        </datafield>
        <datafield tag="856" ind1="4" ind2="0">
            <subfield code="u">https://dx.doi.org/10.1016/j.landusepol.2018.06.022</subfield>
            <subfield code="3">Available from publisher's site</subfield>
        </datafield>
        <datafield tag="912" ind1=" " ind2=" ">
            <subfield code="a">Article</subfield>
        </datafield>
        <datafield tag="914" ind1=" " ind2=" ">
            <subfield code="a">Journal:12412</subfield>
            <subfield code="b">0264-8377</subfield>
            <subfield code="c">77</subfield>
            <subfield code="e">712</subfield>
        </datafield>
        <datafield tag="914" ind1=" " ind2=" ">
            <subfield code="f">Land use policy</subfield>
        </datafield>
        <datafield tag="916" ind1=" " ind2=" ">
            <subfield code="a">Batch:2068</subfield>
        </datafield>
        <datafield tag="917" ind1=" " ind2=" ">
            <subfield code="a">issued</subfield>
        </datafield>
        <datafield tag="918" ind1="2" ind2=" ">
            <subfield code="a">Elsevier Consyn</subfield>
            <subfield code="e">provider</subfield>
            <subfield code="5">DNAL</subfield>
        </datafield>
        <datafield tag="935" ind1=" " ind2=" ">
            <subfield code="a">IND606119146</subfield>
            <subfield code="9">ExL</subfield>
        </datafield>
        <datafield tag="949" ind1=" " ind2=" ">
            <subfield code="a">2019-07-19</subfield>
        </datafield>
        <datafield tag="953" ind1=" " ind2=" ">
            <subfield code="a"
                >/data/metadata/incoming/consyn/906251995332688479-00001-HEAD-ONLY-REVISEDSUBJECTLIST.zip</subfield>
        </datafield>
        <datafield tag="954" ind1=" " ind2=" ">
            <subfield code="a">file:/data/metadata/staging/consyn/S0264837718305246.xml</subfield>
        </datafield>
        <datafield tag="955" ind1=" " ind2=" ">
            <subfield code="a">/data/metadata/staging/consyn/</subfield>
        </datafield>
        <datafield tag="974" ind1=" " ind2=" ">
            <subfield code="a">agid:6119146</subfield>
        </datafield>
        <datafield tag="983" ind1=" " ind2=" ">
            <subfield code="a">2019-07-19</subfield>
        </datafield>
        <datafield tag="984" ind1=" " ind2=" ">
            <subfield code="a">2019-07-19</subfield>
        </datafield>
    </record>