
    <record>
        <leader>05890nab a2200817 u 4500</leader>
        <controlfield tag="001">9916293508507426</controlfield>
        <controlfield tag="005">20221118073709.0</controlfield>
        <controlfield tag="008">220726s2022 xx |||||o|||||||||||eng||</controlfield>
        <datafield tag="016" ind1="7" ind2=" ">
            <subfield code="a">IND607843491</subfield>
            <subfield code="2">DNAL</subfield>
        </datafield>
        <datafield tag="024" ind1="7" ind2=" ">
            <subfield code="a">10.1071/WR21018</subfield>
            <subfield code="2">doi</subfield>
        </datafield>
        <datafield tag="035" ind1=" " ind2=" ">
            <subfield code="a">agid:7843491-01nal_inst</subfield>
        </datafield>
        <datafield tag="040" ind1=" " ind2=" ">
            <subfield code="a">AGL</subfield>
            <subfield code="b">eng</subfield>
            <subfield code="c">AGL</subfield>
        </datafield>
        <datafield tag="100" ind1="1" ind2=" ">
            <subfield code="a">Nguyen, Hanh K. D.</subfield>
            <subfield code="u">School of Technology, Environments and Design, University of
                Tasmania, Sandy Bay, Tas. 7005, Australia; and School of Natural Sciences,
                University of Tasmania, Sandy Bay, Tas. 7005, Australia.</subfield>
            <subfield code="1">https://orcid.org/0000-0002-6575-6031</subfield>
        </datafield>
        <datafield tag="245" ind1="1" ind2="0">
            <subfield code="a">Predicting spatial and seasonal patterns of
                wildlife&amp;#x2013;vehicle collisions in high-risk areas&lt;a
                href="#FN1"&gt;&lt;sup&gt;&amp;#x2020;&lt;/sup&gt;&lt;/a&gt;</subfield>
        </datafield>
        <datafield tag="300" ind1=" " ind2=" ">
            <subfield code="a">p. 428-437.</subfield>
        </datafield>
        <datafield tag="520" ind1=" " ind2=" ">
            <subfield code="a">Context Vehicle collisions with wildlife can injure or kill animals,
                threaten human safety, and threaten the viability of rare species. This has led to a
                focus in road-ecology research on identifying the key predictors of
                &amp;#x2018;road-kill&amp;#x2019; risk, with the goal of guiding management to
                mitigate its impact. However, because of the complex and context-dependent nature of
                the causes of risk exposure, modelling road-kill data in ways that yield consistent
                recommendations has proven challenging. Aim Here we used a multi-model
                machine-learning approach to identify the spatio-temporal predictors, such as
                traffic volume, road shape, surrounding vegetation and distance to human
                settlements, associated with road-kill risk. Methods We collected data on the
                location, identity and wildlife body size of each road mortality across four seasons
                along eight roads in southern Tasmania, a &amp;#x2018;road-kill hotspot&amp;#x2019;
                of management concern. We focused on three large-bodied and frequently affected
                crepuscular Australian marsupial herbivore species, the rufous-bellied pademelon
                (Thylogale billardierii), Bennett&amp;#x2019;s wallaby (Macropus rufogriseus) and
                the bare-nosed wombat (Vombatus ursinus). We fit the point-location data using
                &amp;#x2018;lasso-regularisation&amp;#x2019; of a logistic generalised linear model
                (LL-GLM) and out-of-bag optimisation of a decision-tree-based &amp;#x2018;random
                forests&amp;#x2019; (RF) algorithm for optimised predictions. Results The RF model,
                with high-level feature interactions, yielded superior out-of-sample prediction
                results to the linear additive model, with a RF classification accuracy of 84.8% for
                the 871 road-kill observations and a true skill statistic of 0.708, compared with
                61.2% and 0.205 for the LL-GLM. The lasso rejected road visibility and human
                density, ranking roadside vegetation type and presence of barrier fencing as the
                most influential predictors of road-kill locality. Conclusions Forested areas with
                no roadside barrier fence along curved sections of road posed the highest risk to
                animals. Seasonally, the frequency of wildlife&amp;#x2013;vehicle collisions
                increased notably for females during oestrus, when they were more dispersive and so
                had a higher encounter rate with roads. Implications These findings illustrate the
                value of using a combination of attributive and predictive modelling using machine
                learning to rank and interpret a complexity of possible predictors of road-kill
                risk, as well as offering a guide to practical management interventions that can
                mitigate road-related hazards.</subfield>
        </datafield>
        <datafield tag="592" ind1=" " ind2=" ">
            <subfield code="a">Publisher supplied data</subfield>
        </datafield>
        <datafield tag="593" ind1=" " ind2=" ">
            <subfield code="a">PubAg article</subfield>
        </datafield>
        <datafield tag="650" ind1=" " ind2="3">
            <subfield code="a">Macropus rufogriseus</subfield>
        </datafield>
        <datafield tag="650" ind1=" " ind2="3">
            <subfield code="a">Thylogale billardierii</subfield>
        </datafield>
        <datafield tag="650" ind1=" " ind2="3">
            <subfield code="a">Vombatus ursinus</subfield>
        </datafield>
        <datafield tag="650" ind1=" " ind2="3">
            <subfield code="a">algorithms</subfield>
        </datafield>
        <datafield tag="650" ind1=" " ind2="3">
            <subfield code="a">artificial intelligence</subfield>
        </datafield>
        <datafield tag="650" ind1=" " ind2="3">
            <subfield code="a">body size</subfield>
        </datafield>
        <datafield tag="650" ind1=" " ind2="3">
            <subfield code="a">estrus</subfield>
        </datafield>
        <datafield tag="650" ind1=" " ind2="3">
            <subfield code="a">herbivores</subfield>
        </datafield>
        <datafield tag="650" ind1=" " ind2="3">
            <subfield code="a">humans</subfield>
        </datafield>
        <datafield tag="650" ind1=" " ind2="3">
            <subfield code="a">linear models</subfield>
        </datafield>
        <datafield tag="650" ind1=" " ind2="3">
            <subfield code="a">mortality</subfield>
        </datafield>
        <datafield tag="650" ind1=" " ind2="3">
            <subfield code="a">prediction</subfield>
        </datafield>
        <datafield tag="650" ind1=" " ind2="3">
            <subfield code="a">rare species</subfield>
        </datafield>
        <datafield tag="650" ind1=" " ind2="3">
            <subfield code="a">research</subfield>
        </datafield>
        <datafield tag="650" ind1=" " ind2="3">
            <subfield code="a">risk</subfield>
        </datafield>
        <datafield tag="650" ind1=" " ind2="3">
            <subfield code="a">road kills</subfield>
        </datafield>
        <datafield tag="650" ind1=" " ind2="3">
            <subfield code="a">roadside plants</subfield>
        </datafield>
        <datafield tag="650" ind1=" " ind2="3">
            <subfield code="a">roadsides</subfield>
        </datafield>
        <datafield tag="650" ind1=" " ind2="3">
            <subfield code="a">traffic</subfield>
        </datafield>
        <datafield tag="650" ind1=" " ind2="3">
            <subfield code="a">viability</subfield>
        </datafield>
        <datafield tag="650" ind1=" " ind2="3">
            <subfield code="a">wildlife</subfield>
        </datafield>
        <datafield tag="651" ind1=" " ind2="3">
            <subfield code="a">Tasmania</subfield>
        </datafield>
        <datafield tag="653" ind1=" " ind2="0">
            <subfield code="a">collision risk</subfield>
        </datafield>
        <datafield tag="653" ind1=" " ind2="0">
            <subfield code="a">habitat features</subfield>
        </datafield>
        <datafield tag="653" ind1=" " ind2="0">
            <subfield code="a">lasso regression</subfield>
        </datafield>
        <datafield tag="653" ind1=" " ind2="0">
            <subfield code="a">predictive modelling</subfield>
        </datafield>
        <datafield tag="653" ind1=" " ind2="0">
            <subfield code="a">random forest</subfield>
        </datafield>
        <datafield tag="653" ind1=" " ind2="0">
            <subfield code="a">road-kill trends</subfield>
        </datafield>
        <datafield tag="653" ind1=" " ind2="0">
            <subfield code="a">seasonal influence</subfield>
        </datafield>
        <datafield tag="653" ind1=" " ind2="0">
            <subfield code="a">sex bias</subfield>
        </datafield>
        <datafield tag="653" ind1=" " ind2="0">
            <subfield code="a">wildlife road mortality</subfield>
        </datafield>
        <datafield tag="700" ind1="1" ind2=" ">
            <subfield code="a">Fielding, Matthew W.</subfield>
            <subfield code="u">School of Natural Sciences, University of Tasmania, Sandy Bay, Tas.
                7005, Australia; and ARC Centre of Excellence for Australian Biodiversity and
                Heritage, Hobart, Tas. 7005, Australia.</subfield>
            <subfield code="1">https://orcid.org/0000-0003-4536-0192</subfield>
        </datafield>
        <datafield tag="700" ind1="1" ind2=" ">
            <subfield code="a">Buettel, Jessie C.</subfield>
            <subfield code="u">School of Natural Sciences, University of Tasmania, Sandy Bay, Tas.
                7005, Australia; and ARC Centre of Excellence for Australian Biodiversity and
                Heritage, Hobart, Tas. 7005, Australia.</subfield>
        </datafield>
        <datafield tag="700" ind1="1" ind2=" ">
            <subfield code="a">Brook, Barry W.</subfield>
            <subfield code="u">School of Natural Sciences, University of Tasmania, Sandy Bay, Tas.
                7005, Australia; and ARC Centre of Excellence for Australian Biodiversity and
                Heritage, Hobart, Tas. 7005, Australia.</subfield>
        </datafield>
        <datafield tag="773" ind1="0" ind2=" ">
            <subfield code="t">Wildlife research.</subfield>
            <subfield code="g">2022, v. 49, no. 5 p.428-437</subfield>
            <subfield code="d">CSIRO Publishing</subfield>
            <subfield code="w">Journal:jnl3957321</subfield>
            <subfield code="x">1035-3712</subfield>
            <subfield code="7">nnas</subfield>
        </datafield>
        <datafield tag="787" ind1="1" ind2=" ">
            <subfield code="o">islandora_article_repository</subfield>
        </datafield>
        <datafield tag="787" ind1="1" ind2=" ">
            <subfield code="o">product_pubag</subfield>
        </datafield>
        <datafield tag="787" ind1="1" ind2=" ">
            <subfield code="o">(Journal)jnl3957321</subfield>
        </datafield>
        <datafield tag="856" ind1="4" ind2="0">
            <subfield code="u">https://dx.doi.org/10.1071/WR21018</subfield>
            <subfield code="3">Available from publisher's site</subfield>
        </datafield>
        <datafield tag="912" ind1=" " ind2=" ">
            <subfield code="a">Article</subfield>
        </datafield>
        <datafield tag="914" ind1=" " ind2=" ">
            <subfield code="a">Journal:jnl3957321</subfield>
            <subfield code="b">1035-3712</subfield>
            <subfield code="c">49</subfield>
            <subfield code="d">5</subfield>
            <subfield code="e">428</subfield>
        </datafield>
        <datafield tag="914" ind1=" " ind2=" ">
            <subfield code="f">Wildlife research</subfield>
        </datafield>
        <datafield tag="917" ind1=" " ind2=" ">
            <subfield code="a">issued</subfield>
        </datafield>
        <datafield tag="918" ind1="2" ind2=" ">
            <subfield code="a">Commonwealth Scientific and Industrial Research Organisation
                (CSIRO)</subfield>
            <subfield code="e">provider</subfield>
            <subfield code="5">DNAL</subfield>
        </datafield>
        <datafield tag="935" ind1=" " ind2=" ">
            <subfield code="a">IND607843491</subfield>
            <subfield code="9">ExL</subfield>
        </datafield>
        <datafield tag="949" ind1=" " ind2=" ">
            <subfield code="a">2022-07-26</subfield>
        </datafield>
        <datafield tag="952" ind1=" " ind2=" ">
            <subfield code="d">NAL-AP-2-clean</subfield>
        </datafield>
        <datafield tag="953" ind1=" " ind2=" ">
            <subfield code="a">/data/metadata/incoming/csiro/WR_49_5.zip</subfield>
        </datafield>
        <datafield tag="954" ind1=" " ind2=" ">
            <subfield code="a">file:/data/metadata/staging/csiro/WR21018abs.xml</subfield>
        </datafield>
        <datafield tag="955" ind1=" " ind2=" ">
            <subfield code="a">/data/metadata/staging/csiro/</subfield>
        </datafield>
        <datafield tag="974" ind1=" " ind2=" ">
            <subfield code="a">agid:7843491</subfield>
        </datafield>
        <datafield tag="983" ind1=" " ind2=" ">
            <subfield code="a">2022-07-26</subfield>
        </datafield>
        <datafield tag="984" ind1=" " ind2=" ">
            <subfield code="a">2022-07-28</subfield>
        </datafield>
    </record>