
    <record>
        <leader>05105nab a2200769 u 4500</leader>
        <controlfield tag="001">9916293779707426</controlfield>
        <controlfield tag="005">20221118074045.0</controlfield>
        <controlfield tag="008">200707e202008 xx |||||o|||||||||||eng||</controlfield>
        <datafield tag="016" ind1="7" ind2=" ">
            <subfield code="a">IND607011170</subfield>
            <subfield code="2">DNAL</subfield>
        </datafield>
        <datafield tag="024" ind1="7" ind2=" ">
            <subfield code="a">10.1111/ddi.13076</subfield>
            <subfield code="2">doi</subfield>
        </datafield>
        <datafield tag="035" ind1=" " ind2=" ">
            <subfield code="a">agid:7011170-01nal_inst</subfield>
        </datafield>
        <datafield tag="040" ind1=" " ind2=" ">
            <subfield code="a">AGL</subfield>
            <subfield code="b">eng</subfield>
            <subfield code="c">AGL</subfield>
        </datafield>
        <datafield tag="100" ind1="1" ind2=" ">
            <subfield code="a">García‐Navas, Vicente</subfield>
            <subfield code="e">author</subfield>
            <subfield code="u">Department of Evolutionary Biology and Environmental Studies,
                University of Zurich, Zurich, Switzerland</subfield>
            <subfield code="1">https://orcid.org/0000-0002-9362-2663</subfield>
        </datafield>
        <datafield tag="245" ind1="1" ind2="0">
            <subfield code="a">Temporal homogenization of functional and beta diversity in bird
                communities of the Swiss Alps</subfield>
        </datafield>
        <datafield tag="300" ind1=" " ind2=" ">
            <subfield code="a">p. 900-911.</subfield>
        </datafield>
        <datafield tag="500" ind1=" " ind2=" ">
            <subfield code="a">JOURNAL ARTICLE</subfield>
        </datafield>
        <datafield tag="520" ind1=" " ind2=" ">
            <subfield code="a">AIM: Describing the spatio‐temporal dynamics of biotic communities is
                critical for understanding how environmental change can affect biodiversity.
                Mountains are especially susceptible to such changes (e.g., climate change) and,
                consequently, have been identified as ecosystems of conservation concern. With their
                sharp physical and ecological transitions, altitudinal gradients allow examining the
                influence of different climatic conditions and land use types on species assemblages
                across small spatial extents, and thus, they constitute natural laboratories to
                study diversity–environment relationships. LOCATION: Switzerland. METHODS: We take
                advantage of long‐term (20 years) monitoring data and an extensive trait dataset
                (100 traits) to examine spatial patterns, temporal trends, and spatio‐temporal
                dynamics in functional and beta diversity of bird communities in the Swiss Alps.
                RESULTS: Functional diversity indices showed a congruent pattern over time and
                across space; most indices decreased over the study period and were strongly
                correlated with altitude. In agreement with studies from the tropics, we found that
                communities in the lowlands were functionally over‐dispersed, whereas communities at
                higher elevations were functionally clustered. High‐altitude communities exhibited
                high functional originality, low levels of niche differentiation and a high turnover
                rate. Beta diversity declined over the study period. CONCLUSIONS: Our findings
                suggest that pastoral abandonment does not result in an increase in avian functional
                diversity as most species colonizing woody‐encroached grasslands are functionally
                redundant, whereas alpine meadows are inhabited by species exhibiting a high degree
                of habitat specialization and unique functional traits. Hence, the tree line
                constitutes a boundary between two well‐differentiated functional groups: one
                representing a functional continuum from lowlands dominated by agricultural
                landscape to high‐mountain forests, and the other one composed of alpine
                communities. Overall, this study reveals a process of biotic homogenization (i.e.,
                increasing functional similarity) across the last two decades in the Swiss Alps,
                coinciding with the recently reported increases in the abundance of generalist
                species.</subfield>
        </datafield>
        <datafield tag="592" ind1=" " ind2=" ">
            <subfield code="a">Publisher supplied data</subfield>
        </datafield>
        <datafield tag="593" ind1=" " ind2=" ">
            <subfield code="a">PubAg article</subfield>
        </datafield>
        <datafield tag="596" ind1=" " ind2=" ">
            <subfield code="a">FK‐18‐104</subfield>
            <subfield code="c">Forschungskredit</subfield>
        </datafield>
        <datafield tag="650" ind1=" " ind2="3">
            <subfield code="a">agricultural land</subfield>
        </datafield>
        <datafield tag="650" ind1=" " ind2="3">
            <subfield code="a">alpine meadows</subfield>
        </datafield>
        <datafield tag="650" ind1=" " ind2="3">
            <subfield code="a">altitude</subfield>
        </datafield>
        <datafield tag="650" ind1=" " ind2="3">
            <subfield code="a">biocenosis</subfield>
        </datafield>
        <datafield tag="650" ind1=" " ind2="3">
            <subfield code="a">birds</subfield>
        </datafield>
        <datafield tag="650" ind1=" " ind2="3">
            <subfield code="a">climate change</subfield>
        </datafield>
        <datafield tag="650" ind1=" " ind2="3">
            <subfield code="a">climatic factors</subfield>
        </datafield>
        <datafield tag="650" ind1=" " ind2="3">
            <subfield code="a">data collection</subfield>
        </datafield>
        <datafield tag="650" ind1=" " ind2="3">
            <subfield code="a">ecological differentiation</subfield>
        </datafield>
        <datafield tag="650" ind1=" " ind2="3">
            <subfield code="a">ecosystems</subfield>
        </datafield>
        <datafield tag="650" ind1=" " ind2="3">
            <subfield code="a">forests</subfield>
        </datafield>
        <datafield tag="650" ind1=" " ind2="3">
            <subfield code="a">functional diversity</subfield>
        </datafield>
        <datafield tag="650" ind1=" " ind2="3">
            <subfield code="a">habitats</subfield>
        </datafield>
        <datafield tag="650" ind1=" " ind2="3">
            <subfield code="a">homogenization</subfield>
        </datafield>
        <datafield tag="650" ind1=" " ind2="3">
            <subfield code="a">land use</subfield>
        </datafield>
        <datafield tag="650" ind1=" " ind2="3">
            <subfield code="a">lowlands</subfield>
        </datafield>
        <datafield tag="650" ind1=" " ind2="3">
            <subfield code="a">monitoring</subfield>
        </datafield>
        <datafield tag="650" ind1=" " ind2="3">
            <subfield code="a">mountains</subfield>
        </datafield>
        <datafield tag="650" ind1=" " ind2="3">
            <subfield code="a">pastoralism</subfield>
        </datafield>
        <datafield tag="650" ind1=" " ind2="3">
            <subfield code="a">species diversity</subfield>
        </datafield>
        <datafield tag="650" ind1=" " ind2="3">
            <subfield code="a">treeline</subfield>
        </datafield>
        <datafield tag="650" ind1=" " ind2="3">
            <subfield code="a">tropics</subfield>
        </datafield>
        <datafield tag="651" ind1=" " ind2="3">
            <subfield code="a">Alps region</subfield>
        </datafield>
        <datafield tag="651" ind1=" " ind2="3">
            <subfield code="a">Switzerland</subfield>
        </datafield>
        <datafield tag="700" ind1="1" ind2=" ">
            <subfield code="a">Sattler, Thomas</subfield>
            <subfield code="e">author</subfield>
            <subfield code="u">Swiss Ornithological Institute, Sempach, Switzerland</subfield>
        </datafield>
        <datafield tag="700" ind1="1" ind2=" ">
            <subfield code="a">Schmid, Hans</subfield>
            <subfield code="e">author</subfield>
            <subfield code="u">Swiss Ornithological Institute, Sempach, Switzerland</subfield>
        </datafield>
        <datafield tag="700" ind1="1" ind2=" ">
            <subfield code="a">Ozgul, Arpat</subfield>
            <subfield code="e">author</subfield>
            <subfield code="u">Department of Evolutionary Biology and Environmental Studies,
                University of Zurich, Zurich, Switzerland</subfield>
        </datafield>
        <datafield tag="773" ind1="0" ind2=" ">
            <subfield code="t">Diversity &amp; distributions.</subfield>
            <subfield code="g">2020 Aug., v. 26, no. 8 p.900-911</subfield>
            <subfield code="d">John Wiley &amp; Sons, Ltd</subfield>
            <subfield code="w">Journal:jnl3867071</subfield>
            <subfield code="x">1366-9516</subfield>
            <subfield code="7">nnas</subfield>
        </datafield>
        <datafield tag="787" ind1="1" ind2=" ">
            <subfield code="o">islandora_article_repository</subfield>
        </datafield>
        <datafield tag="787" ind1="1" ind2=" ">
            <subfield code="o">product_pubag</subfield>
        </datafield>
        <datafield tag="787" ind1="1" ind2=" ">
            <subfield code="o">(Journal)jnl3867071</subfield>
        </datafield>
        <datafield tag="856" ind1="4" ind2="0">
            <subfield code="u">http://dx.doi.org/10.1111/ddi.13076</subfield>
            <subfield code="3">Available from publisher's site</subfield>
        </datafield>
        <datafield tag="912" ind1=" " ind2=" ">
            <subfield code="a">Article</subfield>
        </datafield>
        <datafield tag="914" ind1=" " ind2=" ">
            <subfield code="a">Journal:jnl3867071</subfield>
            <subfield code="b">1366-9516</subfield>
            <subfield code="c">26</subfield>
            <subfield code="d">8</subfield>
            <subfield code="e">900</subfield>
        </datafield>
        <datafield tag="914" ind1=" " ind2=" ">
            <subfield code="f">Diversity &amp; distributions</subfield>
        </datafield>
        <datafield tag="916" ind1=" " ind2=" ">
            <subfield code="a">Batch:2595</subfield>
        </datafield>
        <datafield tag="917" ind1=" " ind2=" ">
            <subfield code="a">issued</subfield>
        </datafield>
        <datafield tag="918" ind1="2" ind2=" ">
            <subfield code="a">John Wiley &amp; Sons, Inc</subfield>
            <subfield code="e">provider</subfield>
            <subfield code="5">DNAL</subfield>
        </datafield>
        <datafield tag="935" ind1=" " ind2=" ">
            <subfield code="a">IND607011170</subfield>
            <subfield code="9">ExL</subfield>
        </datafield>
        <datafield tag="949" ind1=" " ind2=" ">
            <subfield code="a">2020-10-30</subfield>
        </datafield>
        <datafield tag="953" ind1=" " ind2=" ">
            <subfield code="a">/data/metadata/incoming/wiley/13669516_2020_26_8.xml</subfield>
        </datafield>
        <datafield tag="954" ind1=" " ind2=" ">
            <subfield code="a">file:/data/metadata/staging/wiley/13669516_2020_26_8.xml</subfield>
        </datafield>
        <datafield tag="955" ind1=" " ind2=" ">
            <subfield code="a">/data/metadata/staging/wiley/</subfield>
        </datafield>
        <datafield tag="962" ind1=" " ind2=" ">
            <subfield code="a">Batch:2595 reviewed on 2020-10-30T16:00:06Z</subfield>
        </datafield>
        <datafield tag="974" ind1=" " ind2=" ">
            <subfield code="a">agid:7011170</subfield>
        </datafield>
        <datafield tag="983" ind1=" " ind2=" ">
            <subfield code="a">2020-07-07</subfield>
        </datafield>
        <datafield tag="984" ind1=" " ind2=" ">
            <subfield code="a">2020-10-30</subfield>
        </datafield>
    </record>