
    <record>
        <leader>04554nab a2200637 u 4500</leader>
        <controlfield tag="001">9916294081907426</controlfield>
        <controlfield tag="005">20221118082002.0</controlfield>
        <controlfield tag="008">160902e20150715xx |||||o|||||||||||eng||</controlfield>
        <datafield tag="016" ind1="7" ind2=" ">
            <subfield code="a">IND605457126</subfield>
            <subfield code="2">DNAL</subfield>
        </datafield>
        <datafield tag="024" ind1="7" ind2=" ">
            <subfield code="a">10.1016/j.scitotenv.2015.03.048</subfield>
            <subfield code="2">doi</subfield>
        </datafield>
        <datafield tag="035" ind1=" " ind2=" ">
            <subfield code="a">agid:5457126-01nal_inst</subfield>
        </datafield>
        <datafield tag="040" ind1=" " ind2=" ">
            <subfield code="a">AGL</subfield>
            <subfield code="b">eng</subfield>
            <subfield code="c">AGL</subfield>
        </datafield>
        <datafield tag="100" ind1="1" ind2=" ">
            <subfield code="a">Schröder, Winfried</subfield>
            <subfield code="e">author</subfield>
            <subfield code="u">University of Vechta, Chair of Landscape Ecology, P.O.B. 1553, 49377
                Vechta, Germany</subfield>
            <subfield code="1">https://orcid.org/0000-0002-3743-6495</subfield>
        </datafield>
        <datafield tag="245" ind1="1" ind2="0">
            <subfield code="a">Methodology to assess and map the potential development of forest
                ecosystems exposed to climate change and atmospheric nitrogen deposition: A pilot
                study in Germany</subfield>
        </datafield>
        <datafield tag="300" ind1=" " ind2=" ">
            <subfield code="a">p. 108-122.</subfield>
        </datafield>
        <datafield tag="520" ind1=" " ind2=" ">
            <subfield code="a">A methodology for mapping ecosystems and their potential development
                under climate change and atmospheric nitrogen deposition was developed using
                examples from Germany. The methodology integrated data on vegetation, soil, climate
                change and atmospheric nitrogen deposition. These data were used to classify
                ecosystem types regarding six ecological functions and interrelated structures.
                Respective data covering 1961–1990 were used for reference. The assessment of
                functional and structural integrity relies on comparing a current or future state
                with an ecosystem type-specific reference. While current functions and structures of
                ecosystems were quantified by measurements, potential future developments were
                projected by geochemical soil modelling and data from a regional climate change
                model.The ecosystem types referenced the potential natural vegetation and were
                mapped using data on current tree species coverage and land use. In this manner,
                current ecosystem types were derived, which were related to data on elevation, soil
                texture, and climate for the years 1961–1990. These relations were quantified by
                Classification and Regression Trees, which were used to map the spatial patterns of
                ecosystem type clusters for 1961–1990. The climate data for these years were
                subsequently replaced by the results of a regional climate model for 1991–2010,
                2011–2040, and 2041–2070. For each of these periods, one map of ecosystem type
                clusters was produced and evaluated with regard to the development of areal coverage
                of ecosystem type clusters over time. This evaluation of the structural aspects of
                ecological integrity at the national level was added by projecting potential future
                values of indicators for ecological functions at the site level by using the Very
                Simple Dynamic soil modelling technique based on climate data and two scenarios of
                nitrogen deposition as input. The results were compared to the reference and enabled
                an evaluation of site-specific ecosystem changes over time which proved to be both,
                positive and negative.</subfield>
        </datafield>
        <datafield tag="592" ind1=" " ind2=" ">
            <subfield code="a">Publisher supplied data</subfield>
        </datafield>
        <datafield tag="593" ind1=" " ind2=" ">
            <subfield code="a">PubAg article</subfield>
        </datafield>
        <datafield tag="650" ind1=" " ind2="3">
            <subfield code="a">climate</subfield>
        </datafield>
        <datafield tag="650" ind1=" " ind2="3">
            <subfield code="a">climate change</subfield>
        </datafield>
        <datafield tag="650" ind1=" " ind2="3">
            <subfield code="a">climate models</subfield>
        </datafield>
        <datafield tag="650" ind1=" " ind2="3">
            <subfield code="a">ecological function</subfield>
        </datafield>
        <datafield tag="650" ind1=" " ind2="3">
            <subfield code="a">forest ecosystems</subfield>
        </datafield>
        <datafield tag="650" ind1=" " ind2="3">
            <subfield code="a">land use</subfield>
        </datafield>
        <datafield tag="650" ind1=" " ind2="3">
            <subfield code="a">meteorological data</subfield>
        </datafield>
        <datafield tag="650" ind1=" " ind2="3">
            <subfield code="a">nitrogen</subfield>
        </datafield>
        <datafield tag="650" ind1=" " ind2="3">
            <subfield code="a">soil texture</subfield>
        </datafield>
        <datafield tag="650" ind1=" " ind2="3">
            <subfield code="a">trees</subfield>
        </datafield>
        <datafield tag="650" ind1=" " ind2="3">
            <subfield code="a">vegetation</subfield>
        </datafield>
        <datafield tag="651" ind1=" " ind2="3">
            <subfield code="a">Germany</subfield>
        </datafield>
        <datafield tag="653" ind1=" " ind2="0">
            <subfield code="a">Ecological functions</subfield>
        </datafield>
        <datafield tag="653" ind1=" " ind2="0">
            <subfield code="a">Ecosystem classification</subfield>
        </datafield>
        <datafield tag="653" ind1=" " ind2="0">
            <subfield code="a">Soil modelling</subfield>
        </datafield>
        <datafield tag="653" ind1=" " ind2="0">
            <subfield code="a">Climate modelling</subfield>
        </datafield>
        <datafield tag="653" ind1=" " ind2="0">
            <subfield code="a">Mapping</subfield>
        </datafield>
        <datafield tag="700" ind1="1" ind2=" ">
            <subfield code="a">Nickel, Stefan</subfield>
            <subfield code="e">author</subfield>
            <subfield code="u">University of Vechta, Chair of Landscape Ecology, P.O.B. 1553, 49377
                Vechta, Germany</subfield>
        </datafield>
        <datafield tag="700" ind1="1" ind2=" ">
            <subfield code="a">Jenssen, Martin</subfield>
            <subfield code="e">author</subfield>
            <subfield code="u">Waldkunde-Institut Eberswalde GmbH, Hohensaatener Dorfstraße 27,
                16259 Bad Freienwalde, Germany</subfield>
        </datafield>
        <datafield tag="700" ind1="1" ind2=" ">
            <subfield code="a">Riediger, Jan</subfield>
            <subfield code="e">author</subfield>
            <subfield code="u">University of Vechta, Chair of Landscape Ecology, P.O.B. 1553, 49377
                Vechta, Germany</subfield>
        </datafield>
        <datafield tag="773" ind1="0" ind2=" ">
            <subfield code="t">Science of the total environment.</subfield>
            <subfield code="g">2015 July 15, v. 521-522 p.108-122</subfield>
            <subfield code="d">Elsevier B.V.</subfield>
            <subfield code="x">0048-9697</subfield>
            <subfield code="7">nnas</subfield>
        </datafield>
        <datafield tag="787" ind1="1" ind2=" ">
            <subfield code="o">islandora_article_repository</subfield>
        </datafield>
        <datafield tag="787" ind1="1" ind2=" ">
            <subfield code="o">product_pubag</subfield>
        </datafield>
        <datafield tag="787" ind1="1" ind2=" ">
            <subfield code="o">(Journal)jnl4455</subfield>
        </datafield>
        <datafield tag="856" ind1="4" ind2="0">
            <subfield code="u">http://dx.doi.org/10.1016/j.scitotenv.2015.03.048</subfield>
            <subfield code="3">Available from publisher's site</subfield>
        </datafield>
        <datafield tag="912" ind1=" " ind2=" ">
            <subfield code="a">Article</subfield>
        </datafield>
        <datafield tag="914" ind1=" " ind2=" ">
            <subfield code="a">Journal:jnl4455</subfield>
            <subfield code="b">0048-9697</subfield>
            <subfield code="c">521-522</subfield>
            <subfield code="e">108</subfield>
        </datafield>
        <datafield tag="914" ind1=" " ind2=" ">
            <subfield code="f">Science of the total environment</subfield>
        </datafield>
        <datafield tag="916" ind1=" " ind2=" ">
            <subfield code="a">Batch:1443</subfield>
        </datafield>
        <datafield tag="917" ind1=" " ind2=" ">
            <subfield code="a">issued</subfield>
        </datafield>
        <datafield tag="918" ind1="2" ind2=" ">
            <subfield code="a">Elsevier Consyn</subfield>
            <subfield code="e">provider</subfield>
            <subfield code="5">DNAL</subfield>
        </datafield>
        <datafield tag="935" ind1=" " ind2=" ">
            <subfield code="a">IND605457126</subfield>
            <subfield code="9">ExL</subfield>
        </datafield>
        <datafield tag="949" ind1=" " ind2=" ">
            <subfield code="a">2016-10-14</subfield>
        </datafield>
        <datafield tag="953" ind1=" " ind2=" ">
            <subfield code="a">consyn93-2-00011-HEAD-ONLY.ZIP</subfield>
        </datafield>
        <datafield tag="962" ind1=" " ind2=" ">
            <subfield code="a">Batch:1443 reviewed on 2016-10-14T13:00:02Z</subfield>
        </datafield>
        <datafield tag="974" ind1=" " ind2=" ">
            <subfield code="a">agid:5457126</subfield>
        </datafield>
        <datafield tag="983" ind1=" " ind2=" ">
            <subfield code="a">2016-09-02</subfield>
        </datafield>
        <datafield tag="984" ind1=" " ind2=" ">
            <subfield code="a">2016-10-14</subfield>
        </datafield>
    </record>