
    <record>
        <leader>04254nab a2200625 u 4500</leader>
        <controlfield tag="001">9916294355507426</controlfield>
        <controlfield tag="005">20221118081832.0</controlfield>
        <controlfield tag="008">210113e202012 xx |||||o|||||||||||eng||</controlfield>
        <datafield tag="016" ind1="7" ind2=" ">
            <subfield code="a">IND607181595</subfield>
            <subfield code="2">DNAL</subfield>
        </datafield>
        <datafield tag="024" ind1="7" ind2=" ">
            <subfield code="a">10.1007/s10980-020-01118-1</subfield>
            <subfield code="2">doi</subfield>
        </datafield>
        <datafield tag="035" ind1=" " ind2=" ">
            <subfield code="a">agid:7181595-01nal_inst</subfield>
        </datafield>
        <datafield tag="040" ind1=" " ind2=" ">
            <subfield code="a">AGL</subfield>
            <subfield code="b">eng</subfield>
            <subfield code="c">AGL</subfield>
        </datafield>
        <datafield tag="100" ind1="1" ind2=" ">
            <subfield code="a">Taylor, Alan H.</subfield>
            <subfield code="e">author</subfield>
            <subfield code="u">Department of Geography and Earth and Environmental Systems
                Institute, The Pennsylvania State University, University Park, PA, 16802, USA.
                aht1@psu.edu</subfield>
        </datafield>
        <datafield tag="245" ind1="1" ind2="0">
            <subfield code="a">Spatial patterns of nineteenth century fire severity persist after
                fire exclusion and a twenty-first century wildfire in a mixed conifer forest
                landscape, Southern Cascades, USA</subfield>
        </datafield>
        <datafield tag="300" ind1=" " ind2=" ">
            <subfield code="a">p. 2777-2790.</subfield>
        </datafield>
        <datafield tag="500" ind1=" " ind2=" ">
            <subfield code="a">NAL-AP-2-clean</subfield>
        </datafield>
        <datafield tag="520" ind1=" " ind2=" ">
            <subfield code="a">CONTEXT: Spatial patterns of fire severity are influenced by
                fire-vegetation patch dynamics and topography. Since the late nineteenth century,
                fire exclusion has increased fuels and recent fire severity patterns may diverge
                from historical patterns. OBJECTIVES: We used data from a 2008 wildfire burning in a
                landscape with known nineteenth century fire severity patterns to answer the
                following questions: (1) Were the spatial patterns of fire severity and fire effects
                after the 2008 fire similar to those in the late nineteenth century? (2) What
                factors were most important in controlling spatial patterns of fire severity in
                2008? METHODS: Fire severity patterns in the late nineteenth century were identified
                by Beaty and Taylor (J Veg Sci 18:879, 2001) using dendroecology. Plots were
                remeasured after the 2008 fire and geospatial layers of vegetation type, topography,
                fire weather, daily fire extent and fire severity were used to identify controls on
                2008 fire severity. RESULTS: Fire severity in 2008 varied in ways similar to the
                nineteenth century. Tree mortality and bark char in plots were lowest on lower
                slopes and southwest facing slopes, intermediate on middle slopes, and highest on
                upper slopes and northeast slopes. At the landscape scale, vegetation type,
                elevation, slope aspect, slope position and weather were the variables controlling
                fire severity. CONCLUSIONS: Spatial patterns of fire severity persisted, despite
                more than a century of fire exclusion. Our findings suggest that wildfires burning
                under moderate conditions even with a warming climate can help reduce the fire
                deficit and promote forest resilience in fire prone landscapes.</subfield>
        </datafield>
        <datafield tag="592" ind1=" " ind2=" ">
            <subfield code="a">Publisher supplied data</subfield>
        </datafield>
        <datafield tag="593" ind1=" " ind2=" ">
            <subfield code="a">PubAg article</subfield>
        </datafield>
        <datafield tag="596" ind1=" " ind2=" ">
            <subfield code="a">09-1-10-7</subfield>
            <subfield code="c">Joint Fire Science Program</subfield>
        </datafield>
        <datafield tag="650" ind1=" " ind2="3">
            <subfield code="a">bark</subfield>
        </datafield>
        <datafield tag="650" ind1=" " ind2="3">
            <subfield code="a">climate</subfield>
        </datafield>
        <datafield tag="650" ind1=" " ind2="3">
            <subfield code="a">coniferous forests</subfield>
        </datafield>
        <datafield tag="650" ind1=" " ind2="3">
            <subfield code="a">dendroecology</subfield>
        </datafield>
        <datafield tag="650" ind1=" " ind2="3">
            <subfield code="a">fire severity</subfield>
        </datafield>
        <datafield tag="650" ind1=" " ind2="3">
            <subfield code="a">fire weather</subfield>
        </datafield>
        <datafield tag="650" ind1=" " ind2="3">
            <subfield code="a">landscape ecology</subfield>
        </datafield>
        <datafield tag="650" ind1=" " ind2="3">
            <subfield code="a">landscapes</subfield>
        </datafield>
        <datafield tag="650" ind1=" " ind2="3">
            <subfield code="a">topography</subfield>
        </datafield>
        <datafield tag="650" ind1=" " ind2="3">
            <subfield code="a">tree mortality</subfield>
        </datafield>
        <datafield tag="650" ind1=" " ind2="3">
            <subfield code="a">wildfires</subfield>
        </datafield>
        <datafield tag="700" ind1="1" ind2=" ">
            <subfield code="a">Airey-Lauvaux, Catherine</subfield>
            <subfield code="e">author</subfield>
            <subfield code="u">Department of Geography, The Pennsylvania State University,
                University Park, PA, USA</subfield>
        </datafield>
        <datafield tag="700" ind1="1" ind2=" ">
            <subfield code="a">Estes, Becky</subfield>
            <subfield code="e">author</subfield>
            <subfield code="u">Pacific Southwest Region, USDA Forest Service, Placerville, CA,
                USA</subfield>
        </datafield>
        <datafield tag="700" ind1="1" ind2=" ">
            <subfield code="a">Harris, Lucas</subfield>
            <subfield code="e">author</subfield>
            <subfield code="u">Department of Geography, The Pennsylvania State University,
                University Park, PA, USA</subfield>
        </datafield>
        <datafield tag="700" ind1="1" ind2=" ">
            <subfield code="a">Skinner, Carl N.</subfield>
            <subfield code="e">author</subfield>
            <subfield code="u">Pacific Southwest Research Station, USDA Forest Service, Redding, CA,
                USA</subfield>
        </datafield>
        <datafield tag="773" ind1="0" ind2=" ">
            <subfield code="t">Landscape ecology.</subfield>
            <subfield code="g">2020 Dec., v. 35, no. 12 p.2777-2790</subfield>
            <subfield code="d">Springer Netherlands</subfield>
            <subfield code="w">Journal:jnl3870067</subfield>
            <subfield code="x">0921-2973</subfield>
            <subfield code="7">nnas</subfield>
        </datafield>
        <datafield tag="787" ind1="1" ind2=" ">
            <subfield code="o">islandora_article_repository</subfield>
        </datafield>
        <datafield tag="787" ind1="1" ind2=" ">
            <subfield code="o">product_pubag</subfield>
        </datafield>
        <datafield tag="787" ind1="1" ind2=" ">
            <subfield code="o">(Journal)jnl3870067</subfield>
        </datafield>
        <datafield tag="856" ind1="4" ind2="0">
            <subfield code="u">https://dx.doi.org/10.1007/s10980-020-01118-1</subfield>
            <subfield code="3">Available from publisher's site</subfield>
        </datafield>
        <datafield tag="912" ind1=" " ind2=" ">
            <subfield code="a">Article</subfield>
        </datafield>
        <datafield tag="914" ind1=" " ind2=" ">
            <subfield code="a">Journal:jnl3870067</subfield>
            <subfield code="b">0921-2973</subfield>
            <subfield code="c">35</subfield>
            <subfield code="d">12</subfield>
            <subfield code="e">2777</subfield>
        </datafield>
        <datafield tag="914" ind1=" " ind2=" ">
            <subfield code="f">Landscape ecology</subfield>
        </datafield>
        <datafield tag="916" ind1=" " ind2=" ">
            <subfield code="a">Batch:10087</subfield>
        </datafield>
        <datafield tag="917" ind1=" " ind2=" ">
            <subfield code="a">issued</subfield>
        </datafield>
        <datafield tag="918" ind1="2" ind2=" ">
            <subfield code="a">Springer</subfield>
            <subfield code="e">provider</subfield>
            <subfield code="5">DNAL</subfield>
        </datafield>
        <datafield tag="935" ind1=" " ind2=" ">
            <subfield code="a">IND607181595</subfield>
            <subfield code="9">ExL</subfield>
        </datafield>
        <datafield tag="949" ind1=" " ind2=" ">
            <subfield code="a">2021-04-18</subfield>
        </datafield>
        <datafield tag="953" ind1=" " ind2=" ">
            <subfield code="a"
                >/data/metadata/incoming/springer/ftp_PUB_21-01-13_05-19-50.zip</subfield>
        </datafield>
        <datafield tag="954" ind1=" " ind2=" ">
            <subfield code="a">file:/data/metadata/staging/springer/10980-35-12.xml</subfield>
        </datafield>
        <datafield tag="955" ind1=" " ind2=" ">
            <subfield code="a">/data/metadata/staging/springer/</subfield>
        </datafield>
        <datafield tag="961" ind1=" " ind2=" ">
            <subfield code="a">USDA/FS</subfield>
        </datafield>
        <datafield tag="974" ind1=" " ind2=" ">
            <subfield code="a">agid:7181595</subfield>
        </datafield>
        <datafield tag="983" ind1=" " ind2=" ">
            <subfield code="a">2021-01-13</subfield>
        </datafield>
        <datafield tag="984" ind1=" " ind2=" ">
            <subfield code="a">2021-04-18</subfield>
        </datafield>
    </record>