
    <record>
        <leader>04110nab a2200613 u 4500</leader>
        <controlfield tag="001">9916295512607426</controlfield>
        <controlfield tag="005">20221118094802.0</controlfield>
        <controlfield tag="008">080815e200809 xx |||||o|||||||||||eng||</controlfield>
        <datafield tag="016" ind1="7" ind2=" ">
            <subfield code="a">IND44090965</subfield>
            <subfield code="2">DNAL</subfield>
        </datafield>
        <datafield tag="024" ind1="7" ind2=" ">
            <subfield code="a">18599560</subfield>
            <subfield code="2">pmid</subfield>
        </datafield>
        <datafield tag="024" ind1="7" ind2=" ">
            <subfield code="a">PMC2701798</subfield>
            <subfield code="2">pmcid</subfield>
        </datafield>
        <datafield tag="024" ind1="7" ind2=" ">
            <subfield code="a">10.1093/aob/mcn113</subfield>
            <subfield code="2">doi</subfield>
        </datafield>
        <datafield tag="035" ind1=" " ind2=" ">
            <subfield code="a">agid:450801-01nal_inst</subfield>
        </datafield>
        <datafield tag="040" ind1=" " ind2=" ">
            <subfield code="a">AGL</subfield>
            <subfield code="b">eng</subfield>
            <subfield code="c">AGL</subfield>
        </datafield>
        <datafield tag="100" ind1="1" ind2=" ">
            <subfield code="a">Suzuki, Satoshi N.</subfield>
        </datafield>
        <datafield tag="245" ind1="1" ind2="0">
            <subfield code="a">Development of a Local Size Hierarchy Causes Regular Spacing of Trees
                in an Even-aged Abies Forest: Analyses Using Spatial Autocorrelation and the Mark
                Correlation Function</subfield>
        </datafield>
        <datafield tag="300" ind1=" " ind2=" ">
            <subfield code="a">p. 435-441.</subfield>
        </datafield>
        <datafield tag="500" ind1=" " ind2=" ">
            <subfield code="a">Includes references</subfield>
        </datafield>
        <datafield tag="506" ind1=" " ind2=" ">
            <subfield code="a">Resource is Open Access</subfield>
            <subfield code="u">http://purl.org/eprint/accessRights/OpenAccess</subfield>
            <subfield code="f">Unrestricted online access</subfield>
            <subfield code="2">star</subfield>
        </datafield>
        <datafield tag="520" ind1=" " ind2=" ">
            <subfield code="a">BACKGROUND AND AIMS: During the development of an even-aged plant
                population, the spatial distribution of individuals often changes from a clumped
                pattern to a random or regular one. The development of local size hierarchies in an
                Abies forest was analysed for a period of 47 years following a large disturbance in
                1959. METHODS: In 1980 all trees in an 8 x 8 m plot were mapped and their height
                growth after the disturbance was estimated. Their mortality and growth were then
                recorded at 1- to 4-year intervals between 1980 and 2006. Spatial distribution
                patterns of trees were analysed by the pair correlation function. Spatial
                correlations between tree heights were analysed with a spatial autocorrelation
                function and the mark correlation function. The mark correlation function was able
                to detect a local size hierarchy that could not be detected by the spatial
                autocorrelation function alone. KEY RESULTS: The small-scale spatial distribution
                pattern of trees changed from clumped to slightly regular during the 47 years.
                Mortality occurred in a density-dependent manner, which resulted in regular spacing
                between trees after 1980. The spatial autocorrelation and mark correlation functions
                revealed the existence of tree patches consisting of large trees at the initial
                stage. Development of a local size hierarchy was detected within the first decade
                after the disturbance, although the spatial autocorrelation was not negative. Local
                size hierarchies that developed persisted until 2006, and the spatial
                autocorrelation became negative at later stages (after about 40 years). CONCLUSIONS:
                This is the first study to detect local size hierarchies as a prelude to regular
                spacing using the mark correlation function. The results confirm that use of the
                mark correlation function together with the spatial autocorrelation function is an
                effective tool to analyse the development of a local size hierarchy of trees in a
                forest.</subfield>
        </datafield>
        <datafield tag="593" ind1=" " ind2=" ">
            <subfield code="a">PubAg article</subfield>
        </datafield>
        <datafield tag="650" ind1=" " ind2="3">
            <subfield code="a">Abies</subfield>
        </datafield>
        <datafield tag="650" ind1=" " ind2="3">
            <subfield code="a">autocorrelation</subfield>
        </datafield>
        <datafield tag="650" ind1=" " ind2="3">
            <subfield code="a">forest trees</subfield>
        </datafield>
        <datafield tag="650" ind1=" " ind2="3">
            <subfield code="a">forests</subfield>
        </datafield>
        <datafield tag="650" ind1=" " ind2="3">
            <subfield code="a">spatial distribution</subfield>
        </datafield>
        <datafield tag="650" ind1=" " ind2="2">
            <subfield code="a">Abies</subfield>
            <subfield code="x">growth &amp; development</subfield>
        </datafield>
        <datafield tag="650" ind1=" " ind2="2">
            <subfield code="a">Ecosystem</subfield>
        </datafield>
        <datafield tag="650" ind1=" " ind2="2">
            <subfield code="a">Monte Carlo Method</subfield>
        </datafield>
        <datafield tag="650" ind1=" " ind2="2">
            <subfield code="a">Population Density</subfield>
        </datafield>
        <datafield tag="650" ind1=" " ind2="2">
            <subfield code="a">Trees</subfield>
            <subfield code="x">growth &amp; development</subfield>
        </datafield>
        <datafield tag="651" ind1=" " ind2="0">
            <subfield code="a">Japan</subfield>
        </datafield>
        <datafield tag="700" ind1="1" ind2=" ">
            <subfield code="a">Kachi, Naoki</subfield>
        </datafield>
        <datafield tag="700" ind1="1" ind2=" ">
            <subfield code="a">Suzuki, Jun-Ichirou</subfield>
        </datafield>
        <datafield tag="773" ind1="0" ind2=" ">
            <subfield code="t">Annals of botany.</subfield>
            <subfield code="g">2008 Sept., v. 102, no. 3 p.435-441</subfield>
            <subfield code="d">Oxford University Press</subfield>
            <subfield code="x">0305-7364</subfield>
            <subfield code="7">nnas</subfield>
        </datafield>
        <datafield tag="787" ind1="1" ind2=" ">
            <subfield code="o">islandora_article_repository</subfield>
        </datafield>
        <datafield tag="787" ind1="1" ind2=" ">
            <subfield code="o">product_pubag</subfield>
        </datafield>
        <datafield tag="787" ind1="1" ind2=" ">
            <subfield code="o">(Journal)jnl44715</subfield>
        </datafield>
        <datafield tag="852" ind1=" " ind2=" ">
            <subfield code="a">DNAL</subfield>
        </datafield>
        <datafield tag="856" ind1="4" ind2="0">
            <subfield code="u">http://dx.doi.org/10.1093/aob/mcn113</subfield>
            <subfield code="3">Available from publisher's Web site</subfield>
        </datafield>
        <datafield tag="912" ind1=" " ind2=" ">
            <subfield code="a">Article</subfield>
        </datafield>
        <datafield tag="914" ind1=" " ind2=" ">
            <subfield code="a">Journal:jnl44715</subfield>
            <subfield code="b">0305-7364</subfield>
            <subfield code="c">102</subfield>
            <subfield code="d">3</subfield>
            <subfield code="e">435</subfield>
        </datafield>
        <datafield tag="914" ind1=" " ind2=" ">
            <subfield code="f">Annals of botany</subfield>
        </datafield>
        <datafield tag="917" ind1=" " ind2=" ">
            <subfield code="a">issued</subfield>
        </datafield>
        <datafield tag="935" ind1=" " ind2=" ">
            <subfield code="a">IND44090965</subfield>
            <subfield code="9">ExL</subfield>
        </datafield>
        <datafield tag="949" ind1=" " ind2=" ">
            <subfield code="a">2013-06-14</subfield>
        </datafield>
        <datafield tag="962" ind1=" " ind2=" ">
            <subfield code="a">Batch:244 annotated on 2013-06-04T13:11:13Z</subfield>
        </datafield>
        <datafield tag="962" ind1=" " ind2=" ">
            <subfield code="a">Batch:244 reviewed on 2013-06-14T12:00:02Z</subfield>
        </datafield>
        <datafield tag="962" ind1=" " ind2=" ">
            <subfield code="a">Batch:244 reviewed on 2013-06-14T14:00:02Z</subfield>
        </datafield>
        <datafield tag="962" ind1=" " ind2=" ">
            <subfield code="a">Batch:244 reviewed on 2013-06-14T15:00:02Z</subfield>
        </datafield>
        <datafield tag="974" ind1=" " ind2=" ">
            <subfield code="a">agid:450801</subfield>
        </datafield>
        <datafield tag="984" ind1=" " ind2=" ">
            <subfield code="a">2008-09-05</subfield>
        </datafield>
        <datafield tag="985" ind1=" " ind2=" ">
            <subfield code="a">Converted from MARCXML to MODS version 3.4 using
                MARC21slim2MODS3-4.xsl (Revision 1.77 2012/03/23)</subfield>
        </datafield>
        <datafield tag="986" ind1=" " ind2=" ">
            <subfield code="a">4090965</subfield>
        </datafield>
    </record>