
    <record>
        <leader>03538nab a2200517 u 4500</leader>
        <controlfield tag="001">9916296266307426</controlfield>
        <controlfield tag="005">20221118110431.0</controlfield>
        <controlfield tag="008">950628e199409 onc|||||o|||||||||||eng||</controlfield>
        <datafield tag="016" ind1="7" ind2=" ">
            <subfield code="a">IND20466157</subfield>
            <subfield code="2">DNAL</subfield>
        </datafield>
        <datafield tag="024" ind1="7" ind2=" ">
            <subfield code="a">10.1139/x94-249</subfield>
            <subfield code="2">doi</subfield>
        </datafield>
        <datafield tag="035" ind1=" " ind2=" ">
            <subfield code="a">agid:1405822-01nal_inst</subfield>
        </datafield>
        <datafield tag="040" ind1=" " ind2=" ">
            <subfield code="a">AGL</subfield>
            <subfield code="b">eng</subfield>
            <subfield code="c">AGL</subfield>
        </datafield>
        <datafield tag="100" ind1="1" ind2=" ">
            <subfield code="a">Frelich, L.E.</subfield>
        </datafield>
        <datafield tag="245" ind1="1" ind2="0">
            <subfield code="a">Age-class distribution and spatial patterns in an old-growth
                hemlock-hardwood forest</subfield>
        </datafield>
        <datafield tag="300" ind1=" " ind2=" ">
            <subfield code="a">p. 1939-1947.</subfield>
        </datafield>
        <datafield tag="500" ind1=" " ind2=" ">
            <subfield code="a">Summary in French.</subfield>
        </datafield>
        <datafield tag="520" ind1=" " ind2=" ">
            <subfield code="a">The frequency of canopy disturbance over the past 150 years was
                reconstructed on a 5-ha study area dominated by a patchy mosaic of old-growth sugar
                maple (Acer saccharum Marsh.) and eastern hemlock (Tsuga canadensis (L.) Carr.)
                forest in the Sylvania Wilderness Area in western Upper Michigan. The study area was
                divided into a 10-m grid system and one tree was cored near the center of each grid
                cell so that the spatial patterns of tree cohorts could be examined. The canopy
                turnover rate, averaged over all species and 150 years was 5.4% per decade, with a
                corresponding canopy residence time of 186 years. Canopy-residence times do not vary
                much between sugar maple (170 years) and hemlock (167 years), but yellow birch has a
                much longer canopy-residence time (232 years). Canopy-residence times calculated for
                individual decades over the last 150 years varied from 81 to 556 years. The spatial
                pattern of gaps of various ages is caused by disturbances in light intensity (2-12%
                canopy removal) that occur nearly every decade, each of which creates several to
                many small gaps scattered across the study area. As a result, the study area has a
                fine-grained random spatial mixture of age-classes at all distance classes from 5 m
                to &gt; 100 m. This mixture is stable throughout the mesic forest in the study area.
                None of the cohorts resulting from disturbance correspond spatially to patches
                dominated by either hemlock or sugar maple. Apparently, the dynamics of patch
                formation by gap-creating disturbances operate independently from the dynamics of
                the much larger monodominant patches. In forests such as the northern
                hardwood--hemlock type, where several tree lifetimes pass between any two
                large-scale catastrophic disturbances, spatial and temporal stability of the
                patch-dynamic processes (quasi equilibrium) may exist for periods of several decades
                in areas of &lt; 1 ha, and several thousand years for landscapes &gt; 10000 ha in
                size.</subfield>
        </datafield>
        <datafield tag="593" ind1=" " ind2=" ">
            <subfield code="a">PubAg article</subfield>
        </datafield>
        <datafield tag="650" ind1=" " ind2="3">
            <subfield code="a">Acer saccharum</subfield>
        </datafield>
        <datafield tag="650" ind1=" " ind2="3">
            <subfield code="a">Tsuga canadensis</subfield>
        </datafield>
        <datafield tag="650" ind1=" " ind2="3">
            <subfield code="a">canopy gaps</subfield>
        </datafield>
        <datafield tag="650" ind1=" " ind2="3">
            <subfield code="a">tree age</subfield>
        </datafield>
        <datafield tag="651" ind1=" " ind2="3">
            <subfield code="a">Michigan</subfield>
        </datafield>
        <datafield tag="653" ind1=" " ind2="0">
            <subfield code="a">patterns</subfield>
        </datafield>
        <datafield tag="653" ind1=" " ind2="0">
            <subfield code="a">natural disturbance</subfield>
        </datafield>
        <datafield tag="653" ind1=" " ind2="0">
            <subfield code="a">patch dynamics</subfield>
        </datafield>
        <datafield tag="700" ind1="1" ind2=" ">
            <subfield code="a">Graumlich, L.J.</subfield>
        </datafield>
        <datafield tag="773" ind1="0" ind2=" ">
            <subfield code="t">Canadian journal of forest research =.</subfield>
            <subfield code="g">1994 Sept., v. 24, no. 9 p.1939-1947</subfield>
            <subfield code="x">0045-5067</subfield>
            <subfield code="7">nnas</subfield>
        </datafield>
        <datafield tag="787" ind1="1" ind2=" ">
            <subfield code="o">islandora_article_repository</subfield>
        </datafield>
        <datafield tag="787" ind1="1" ind2=" ">
            <subfield code="o">product_pubag</subfield>
        </datafield>
        <datafield tag="787" ind1="1" ind2=" ">
            <subfield code="o">(Journal)jnl2003</subfield>
        </datafield>
        <datafield tag="852" ind1=" " ind2=" ">
            <subfield code="a">DNAL</subfield>
        </datafield>
        <datafield tag="856" ind1="4" ind2="0">
            <subfield code="u">http://dx.doi.org/10.1139/x94-249</subfield>
            <subfield code="3">Available from publisher's Web site</subfield>
        </datafield>
        <datafield tag="912" ind1=" " ind2=" ">
            <subfield code="a">Article</subfield>
        </datafield>
        <datafield tag="914" ind1=" " ind2=" ">
            <subfield code="a">Journal:jnl2003</subfield>
        </datafield>
        <datafield tag="914" ind1=" " ind2=" ">
            <subfield code="f">Can. j. for. res</subfield>
        </datafield>
        <datafield tag="917" ind1=" " ind2=" ">
            <subfield code="a">issued</subfield>
        </datafield>
        <datafield tag="930" ind1=" " ind2=" ">
            <subfield code="a">19950802</subfield>
            <subfield code="b">19950807</subfield>
            <subfield code="c">00000000</subfield>
        </datafield>
        <datafield tag="935" ind1=" " ind2=" ">
            <subfield code="a">IND20466157</subfield>
            <subfield code="9">ExL</subfield>
        </datafield>
        <datafield tag="945" ind1=" " ind2=" ">
            <subfield code="a">IND</subfield>
            <subfield code="d">JYB</subfield>
        </datafield>
        <datafield tag="946" ind1=" " ind2=" ">
            <subfield code="a">Non-US</subfield>
        </datafield>
        <datafield tag="952" ind1=" " ind2=" ">
            <subfield code="a">19950802 19950807 00000000</subfield>
            <subfield code="b">IND JYB </subfield>
        </datafield>
        <datafield tag="974" ind1=" " ind2=" ">
            <subfield code="a">agid:1405822</subfield>
        </datafield>
        <datafield tag="984" ind1=" " ind2=" ">
            <subfield code="a">2014-12-25</subfield>
        </datafield>
        <datafield tag="985" ind1=" " ind2=" ">
            <subfield code="a">Converted from MARCXML to MODS version 3.4 using
                MARC21slim2MODS3-4.xsl (Revision 1.95 2014/04/23)</subfield>
        </datafield>
        <datafield tag="986" ind1=" " ind2=" ">
            <subfield code="a">3011838</subfield>
        </datafield>
    </record>