
    <record>
        <leader>04194nab a2200517 u 4500</leader>
        <controlfield tag="001">9916296283507426</controlfield>
        <controlfield tag="005">20221118110409.0</controlfield>
        <controlfield tag="008">160807e19950501onc|||||o|||||||||||eng||</controlfield>
        <datafield tag="016" ind1="7" ind2=" ">
            <subfield code="a">IND20474081</subfield>
            <subfield code="2">DNAL</subfield>
        </datafield>
        <datafield tag="024" ind1="7" ind2=" ">
            <subfield code="a">10.1139/x95-079</subfield>
            <subfield code="2">doi</subfield>
        </datafield>
        <datafield tag="035" ind1=" " ind2=" ">
            <subfield code="a">agid:1405847-01nal_inst</subfield>
        </datafield>
        <datafield tag="040" ind1=" " ind2=" ">
            <subfield code="a">AGL</subfield>
            <subfield code="b">eng</subfield>
            <subfield code="c">AGL</subfield>
        </datafield>
        <datafield tag="100" ind1="1" ind2=" ">
            <subfield code="a">Steijlen, Ingeborg</subfield>
            <subfield code="e">author</subfield>
        </datafield>
        <datafield tag="245" ind1="1" ind2="0">
            <subfield code="a">Seed regeneration of Scots pine in boreal forest stands dominated by
                lichen and feather moss</subfield>
        </datafield>
        <datafield tag="300" ind1=" " ind2=" ">
            <subfield code="a">p. 713-723.</subfield>
        </datafield>
        <datafield tag="520" ind1=" " ind2=" ">
            <subfield code="a">Six old-growth, late postfire Scots pine (Pinussylvestris L.)
                dominated forest stands of the Vaccinium–Cladina type were selected along a
                latitudinal gradient in northern Sweden. In two of the stands, Scots pine seedlings
                that had naturally regenerated during the last 40 years were surveyed in relation to
                field- and bottom-layer vegetation. The most abundant forest floor species, viz.
                Cladina spp., occupied 41% of the ground cover and dominated the microhabitat of
                Scots pine seedlings &lt;10 years old. The second most common species,
                Pleuroziumschreberi (Bird.) Mitt., which occupied 10 and 20% of the ground cover at
                the two sites, was, in contrast, only found to cover less than 3% of the
                microhabitat of the seedlings &lt; 10 years old. With increasing age of seedlings
                (&gt;10 years), however, the cover of Cladina spp. significantly decreased and the
                cover of P. schreberi and various ericaceous species slightly increased. Thus Scots
                pine seedlings initially establish in lichen-dominated vegetation but as they
                develop P. schreberi and ericaceous species gradually become more abundant in the
                ground vegetation. The relationships between natural establishment patterns and
                microhabitat were further empirically tested by sowing seeds of Scots pine in
                patches of Cladina spp. and patches of P. schreberi. Seeding was performed in six
                sites during 3 consecutive years. A significant higher number of established Scots
                pine seedlings were found in Cladina spp. vegetation than in P. schreberi dominated
                vegetation, and Scots pine seedlings in P. schreberi experienced a significantly
                higher mortality. Laboratory studies indicated a negative chemical influence by P.
                schreberi on Scots pine seed germination but not on radicle growth of pregerminated
                seeds. The negative influence of P. schreberi on Scots pine seed germination and
                seedling survival in the field experiments is interpreted as an effect of moisture
                factors, chemical interference, and barriers of nutrient availability. Age
                structures of naturally established Scots pine showed evidence of continuous
                regeneration over the last 40 years. The study emphasizes the importance of
                biotically mediated regeneration patterns in explaining spatial stand structure and
                temporal dynamics in northern boreal Scots pine forest ecosystems during prolonged
                absence of fire. Tree regeneration tends not to be associated with mesoscale
                characteristics such as gaps and tip-up mounds, but rather with microhabitat
                conditions. The results have implications for predicting the effect of climatic
                warming.</subfield>
        </datafield>
        <datafield tag="592" ind1=" " ind2=" ">
            <subfield code="a">Publisher supplied data</subfield>
        </datafield>
        <datafield tag="593" ind1=" " ind2=" ">
            <subfield code="a">PubAg article</subfield>
        </datafield>
        <datafield tag="650" ind1=" " ind2="3">
            <subfield code="a">Pinus sylvestris</subfield>
        </datafield>
        <datafield tag="650" ind1=" " ind2="3">
            <subfield code="a">boreal forests</subfield>
        </datafield>
        <datafield tag="650" ind1=" " ind2="3">
            <subfield code="a">natural regeneration</subfield>
        </datafield>
        <datafield tag="650" ind1=" " ind2="3">
            <subfield code="a">microhabitats</subfield>
        </datafield>
        <datafield tag="650" ind1=" " ind2="3">
            <subfield code="a">Vaccinium</subfield>
        </datafield>
        <datafield tag="650" ind1=" " ind2="3">
            <subfield code="a">seed germination</subfield>
        </datafield>
        <datafield tag="650" ind1=" " ind2="3">
            <subfield code="a">mortality</subfield>
        </datafield>
        <datafield tag="650" ind1=" " ind2="3">
            <subfield code="a">Cladonia</subfield>
        </datafield>
        <datafield tag="651" ind1=" " ind2="3">
            <subfield code="a">Sweden</subfield>
        </datafield>
        <datafield tag="700" ind1="1" ind2=" ">
            <subfield code="a">Nilsson, Marie-Charlotte</subfield>
            <subfield code="e">author</subfield>
        </datafield>
        <datafield tag="700" ind1="1" ind2=" ">
            <subfield code="a">Zackrisson, Olle</subfield>
            <subfield code="e">author</subfield>
        </datafield>
        <datafield tag="773" ind1="0" ind2=" ">
            <subfield code="t">Canadian journal of forest research.</subfield>
            <subfield code="g">1995 May 01, v. 25, no. 5 p.713-723</subfield>
            <subfield code="d">NRC Research Press</subfield>
            <subfield code="w">Journal:jnl2003</subfield>
            <subfield code="x">0045-5067</subfield>
            <subfield code="7">nnas</subfield>
        </datafield>
        <datafield tag="787" ind1="1" ind2=" ">
            <subfield code="o">islandora_article_repository</subfield>
        </datafield>
        <datafield tag="787" ind1="1" ind2=" ">
            <subfield code="o">product_pubag</subfield>
        </datafield>
        <datafield tag="787" ind1="1" ind2=" ">
            <subfield code="o">(Journal)jnl2003</subfield>
        </datafield>
        <datafield tag="852" ind1=" " ind2=" ">
            <subfield code="a">DNAL</subfield>
        </datafield>
        <datafield tag="856" ind1="4" ind2="0">
            <subfield code="u">http://dx.doi.org/10.1139/x95-079</subfield>
            <subfield code="3">Available from publisher's site</subfield>
        </datafield>
        <datafield tag="912" ind1=" " ind2=" ">
            <subfield code="a">Article</subfield>
        </datafield>
        <datafield tag="914" ind1=" " ind2=" ">
            <subfield code="a">Journal:jnl2003</subfield>
            <subfield code="c">25</subfield>
            <subfield code="d">5</subfield>
            <subfield code="e">713</subfield>
        </datafield>
        <datafield tag="914" ind1=" " ind2=" ">
            <subfield code="f">Canadian journal of forest research</subfield>
        </datafield>
        <datafield tag="917" ind1=" " ind2=" ">
            <subfield code="a">issued</subfield>
        </datafield>
        <datafield tag="918" ind1="2" ind2=" ">
            <subfield code="a">NRC Canada</subfield>
            <subfield code="e">provider</subfield>
            <subfield code="5">DNAL</subfield>
        </datafield>
        <datafield tag="935" ind1=" " ind2=" ">
            <subfield code="a">IND20474081</subfield>
            <subfield code="9">ExL</subfield>
        </datafield>
        <datafield tag="953" ind1=" " ind2=" ">
            <subfield code="a">CJFRv25i5-07151423-646134.zip</subfield>
        </datafield>
        <datafield tag="974" ind1=" " ind2=" ">
            <subfield code="a">agid:1405847</subfield>
        </datafield>
        <datafield tag="983" ind1=" " ind2=" ">
            <subfield code="a">2016-08-07</subfield>
        </datafield>
        <datafield tag="984" ind1=" " ind2=" ">
            <subfield code="a">2019-05-06</subfield>
        </datafield>
        <datafield tag="986" ind1=" " ind2=" ">
            <subfield code="a">3012116</subfield>
        </datafield>
    </record>