
    <record>
        <leader>04384nab a2200625 u 4500</leader>
        <controlfield tag="001">9916296296907426</controlfield>
        <controlfield tag="005">20221118111202.0</controlfield>
        <controlfield tag="008">140822e201409 xx |||||o|||||||||||eng||</controlfield>
        <datafield tag="016" ind1="7" ind2=" ">
            <subfield code="a">IND600811744</subfield>
            <subfield code="2">DNAL</subfield>
        </datafield>
        <datafield tag="024" ind1="7" ind2=" ">
            <subfield code="a">24317795</subfield>
            <subfield code="2">pmid</subfield>
        </datafield>
        <datafield tag="024" ind1="7" ind2=" ">
            <subfield code="a">10.1007/s00484-013-0766-4</subfield>
            <subfield code="2">doi</subfield>
        </datafield>
        <datafield tag="035" ind1=" " ind2=" ">
            <subfield code="a">agid:811744-01nal_inst</subfield>
        </datafield>
        <datafield tag="040" ind1=" " ind2=" ">
            <subfield code="a">AGL</subfield>
            <subfield code="b">eng</subfield>
            <subfield code="c">AGL</subfield>
        </datafield>
        <datafield tag="100" ind1="1" ind2=" ">
            <subfield code="a">Ruiz-Labourdette, D.</subfield>
            <subfield code="e">author</subfield>
            <subfield code="u">Departamento de Ecología, Universidad Complutense de Madrid, 28040,
                Madrid, Spain, diego.ruiz@bio.ucm.es</subfield>
        </datafield>
        <datafield tag="245" ind1="1" ind2="0">
            <subfield code="a">Summer rainfall variability in European Mediterranean mountains from
                the sixteenth to the twentieth century reconstructed from tree rings</subfield>
        </datafield>
        <datafield tag="300" ind1=" " ind2=" ">
            <subfield code="a">p. 1627-1639.</subfield>
        </datafield>
        <datafield tag="520" ind1=" " ind2=" ">
            <subfield code="a">Since the end of the last glacial period, European Mediterranean
                mountains have provided shelter for numerous species of Eurosiberian and Boreal
                origin. Many of these species, surviving at the southern limit of their range in
                Europe and surrounded by Mediterranean ones, are relatively intolerant to summer
                drought and are in grave danger of loss, as a result of increasingly long and
                frequent droughts in this region. This is the case of the Scots pine (Pinus
                sylvestris) and the Austrian pine (Pinus nigra ssp. salzmannii) which are found on
                Central Iberian Peninsula at the edge of their natural range. We used a tree ring
                network of these two species to reconstruct past variations in summer rainfall. The
                reconstruction, based upon a tree ring composite chronology of the species, dates
                back to 1570 (adjusted R ² = 0.49, P &lt; 0.000001) and captures interannual to
                decadal scale variability in summer precipitation. We studied the spatial
                representativeness of the rainfall patterns and described the occurrence rate of
                extremes of this precipitation. To identify associations between macroclimatic
                factors and tree radial growth, we employed a principal component analysis to
                calculate the resultant of the relationship between the growth data of both species,
                using this resultant as a dependent variable of a multiple regression whose
                independent variables are monthly mean temperature and precipitation from the
                average records. Spatial correlation patterns between instrumental precipitation
                datasets for southern Europe and reconstructed values for the 1950–1992 period
                indicate that the reconstruction captures the regional signal of drought variability
                in the study region (the origin of this precipitation is convective: thermal low
                pressure zones induced in the inland northeastern areas of the Iberian Peninsula).
                There is a clear increase in the recurrence of extreme dry events as from the
                beginning of twentieth century and an abrupt change to drier conditions. There
                appears to be a tendency toward recurrent exceptionally dry summers, which could
                involve a significant change for the Eurosiberian refugee species.</subfield>
        </datafield>
        <datafield tag="592" ind1=" " ind2=" ">
            <subfield code="a">Publisher supplied data</subfield>
        </datafield>
        <datafield tag="593" ind1=" " ind2=" ">
            <subfield code="a">PubAg article</subfield>
        </datafield>
        <datafield tag="650" ind1=" " ind2="3">
            <subfield code="a">Pinus nigra subsp. nigra</subfield>
        </datafield>
        <datafield tag="650" ind1=" " ind2="3">
            <subfield code="a">Pinus sylvestris</subfield>
        </datafield>
        <datafield tag="650" ind1=" " ind2="3">
            <subfield code="a">data collection</subfield>
        </datafield>
        <datafield tag="650" ind1=" " ind2="3">
            <subfield code="a">drought</subfield>
        </datafield>
        <datafield tag="650" ind1=" " ind2="3">
            <subfield code="a">growth rings</subfield>
        </datafield>
        <datafield tag="650" ind1=" " ind2="3">
            <subfield code="a">mountains</subfield>
        </datafield>
        <datafield tag="650" ind1=" " ind2="3">
            <subfield code="a">principal component analysis</subfield>
        </datafield>
        <datafield tag="650" ind1=" " ind2="3">
            <subfield code="a">rain</subfield>
        </datafield>
        <datafield tag="650" ind1=" " ind2="3">
            <subfield code="a">summer</subfield>
        </datafield>
        <datafield tag="650" ind1=" " ind2="3">
            <subfield code="a">temperature</subfield>
        </datafield>
        <datafield tag="651" ind1=" " ind2="3">
            <subfield code="a">Iberian Peninsula</subfield>
        </datafield>
        <datafield tag="700" ind1="1" ind2=" ">
            <subfield code="a">Génova, M.</subfield>
            <subfield code="e">author</subfield>
        </datafield>
        <datafield tag="700" ind1="1" ind2=" ">
            <subfield code="a">Schmitz, M. F.</subfield>
            <subfield code="e">author</subfield>
        </datafield>
        <datafield tag="700" ind1="1" ind2=" ">
            <subfield code="a">Urrutia, R.</subfield>
            <subfield code="e">author</subfield>
        </datafield>
        <datafield tag="700" ind1="1" ind2=" ">
            <subfield code="a">Pineda, F. D.</subfield>
            <subfield code="e">author</subfield>
        </datafield>
        <datafield tag="773" ind1="0" ind2=" ">
            <subfield code="t">International journal of biometeorology.</subfield>
            <subfield code="g">2014 Sept., v. 58, no. 7 p.1627-1639</subfield>
            <subfield code="d">Springer-Verlag</subfield>
            <subfield code="x">0020-7128</subfield>
            <subfield code="7">nnas</subfield>
        </datafield>
        <datafield tag="787" ind1="1" ind2=" ">
            <subfield code="o">islandora_article_repository</subfield>
        </datafield>
        <datafield tag="787" ind1="1" ind2=" ">
            <subfield code="o">product_pubag</subfield>
        </datafield>
        <datafield tag="787" ind1="1" ind2=" ">
            <subfield code="o">(Journal)jnl46344</subfield>
        </datafield>
        <datafield tag="856" ind1="4" ind2="0">
            <subfield code="u">http://dx.doi.org/10.1007/s00484-013-0766-4</subfield>
            <subfield code="3">Available from publisher's site</subfield>
        </datafield>
        <datafield tag="912" ind1=" " ind2=" ">
            <subfield code="a">Article</subfield>
        </datafield>
        <datafield tag="914" ind1=" " ind2=" ">
            <subfield code="a">Journal:jnl46344</subfield>
            <subfield code="b">0020-7128</subfield>
            <subfield code="c">58</subfield>
            <subfield code="d">7</subfield>
            <subfield code="e">1627</subfield>
        </datafield>
        <datafield tag="914" ind1=" " ind2=" ">
            <subfield code="f">International journal of biometeorology</subfield>
        </datafield>
        <datafield tag="916" ind1=" " ind2=" ">
            <subfield code="a">Batch:663</subfield>
        </datafield>
        <datafield tag="917" ind1=" " ind2=" ">
            <subfield code="a">issued</subfield>
        </datafield>
        <datafield tag="918" ind1="2" ind2=" ">
            <subfield code="a">Springer</subfield>
            <subfield code="e">provider</subfield>
            <subfield code="5">DNAL</subfield>
        </datafield>
        <datafield tag="935" ind1=" " ind2=" ">
            <subfield code="a">IND600811744</subfield>
            <subfield code="9">ExL</subfield>
        </datafield>
        <datafield tag="949" ind1=" " ind2=" ">
            <subfield code="a">2014-10-09</subfield>
        </datafield>
        <datafield tag="953" ind1=" " ind2=" ">
            <subfield code="a">ftp_PUB_14-08-21_06-20-49.zip</subfield>
        </datafield>
        <datafield tag="962" ind1=" " ind2=" ">
            <subfield code="a">Journal title changed from 'Int J Biometeorol'</subfield>
        </datafield>
        <datafield tag="962" ind1=" " ind2=" ">
            <subfield code="a">Batch:663 annotated on 2014-09-16T12:27:54Z</subfield>
        </datafield>
        <datafield tag="962" ind1=" " ind2=" ">
            <subfield code="a">Batch:663 reviewed on 2014-10-08T16:00:02Z</subfield>
        </datafield>
        <datafield tag="962" ind1=" " ind2=" ">
            <subfield code="a">Batch:663 reviewed on 2014-10-09T04:00:02Z</subfield>
        </datafield>
        <datafield tag="974" ind1=" " ind2=" ">
            <subfield code="a">agid:811744</subfield>
        </datafield>
        <datafield tag="983" ind1=" " ind2=" ">
            <subfield code="a">2014-08-22</subfield>
        </datafield>
        <datafield tag="984" ind1=" " ind2=" ">
            <subfield code="a">2014-08-22</subfield>
        </datafield>
    </record>