
    <record>
        <leader>04781nab a2200733 u 4500</leader>
        <controlfield tag="001">9916296885907426</controlfield>
        <controlfield tag="005">20221118114930.0</controlfield>
        <controlfield tag="008">200719e20200915xx |||||o|||||||||||eng||</controlfield>
        <datafield tag="016" ind1="7" ind2=" ">
            <subfield code="a">IND606966671</subfield>
            <subfield code="2">DNAL</subfield>
        </datafield>
        <datafield tag="024" ind1="7" ind2=" ">
            <subfield code="a">10.1016/j.foreco.2020.118220</subfield>
            <subfield code="2">chorus</subfield>
        </datafield>
        <datafield tag="024" ind1="7" ind2=" ">
            <subfield code="a">10.1016/j.foreco.2020.118220</subfield>
            <subfield code="2">doi</subfield>
        </datafield>
        <datafield tag="035" ind1=" " ind2=" ">
            <subfield code="a">agid:6966671-01nal_inst</subfield>
        </datafield>
        <datafield tag="040" ind1=" " ind2=" ">
            <subfield code="a">AGL</subfield>
            <subfield code="b">eng</subfield>
            <subfield code="c">AGL</subfield>
        </datafield>
        <datafield tag="100" ind1="1" ind2=" ">
            <subfield code="a">Ng, Jan</subfield>
            <subfield code="e">author</subfield>
            <subfield code="u">Graduate Group in Ecology, University of California, Davis, One
                Shields Ave., Davis, CA 95616, USA</subfield>
        </datafield>
        <datafield tag="245" ind1="1" ind2="0">
            <subfield code="a">Topographic variation in tree group and gap structure in Sierra
                Nevada mixed-conifer forests with active fire regimes</subfield>
        </datafield>
        <datafield tag="506" ind1=" " ind2=" ">
            <subfield code="a">Resource is Open Access</subfield>
            <subfield code="u">http://purl.org/eprint/accessRights/OpenAccess</subfield>
            <subfield code="f">Unrestricted online access</subfield>
            <subfield code="2">star</subfield>
        </datafield>
        <datafield tag="506" ind1=" " ind2=" ">
            <subfield code="a">CHORUS License Information</subfield>
            <subfield code="f">Unrestricted online access</subfield>
            <subfield code="2">star</subfield>
        </datafield>
        <datafield tag="520" ind1=" " ind2=" ">
            <subfield code="a">In Sierra Nevada mixed-conifer forests, heterogeneity in overstory
                tree spatial patterns is an important ecological characteristic associated with
                resilience to frequent fires. Regional managers often emphasize this heterogeneity
                as a key component of forest treatments. There is a lack of information about how
                the dimensions of fire-resilient tree spatial patterns might vary with topography,
                which is an important influence on forest structure. We mapped, analyzed, and
                compared overstory tree spatial patterns across three topographic slope positions
                (ridges, mid-slopes, and valleys) in unlogged stands with multiple recent
                lower/mixed-severity burns. Using analysis of Individual trees, Clumps of trees, and
                Openings (ICO), we found significant differences in a number of spatial pattern
                metrics, including stand-level tree density and maximum clump size (highest in
                valleys), forest opening size (largest on ridges), and species composition (percent
                shade-intolerant stems highest on ridges). We found notably non-significant
                differences in within-clump tree densities at all spatial scales. Additionally,
                stand-level averages for forest structure across topography did not consistently
                capture spatial patterns for individual trees or smaller clump sizes, but often
                matched trends for clumps and openings in the largest size classes. As “megafires”
                become more common, prescribed fire and thinning treatments will be used more often
                to increase forest resilience. By quantifying variable tree spatial patterns across
                topographic positions in frequent-fire forests, we provide general guidelines for
                marking prescriptions that may increase resilience of treated forests to increasing
                fire intensity.</subfield>
        </datafield>
        <datafield tag="592" ind1=" " ind2=" ">
            <subfield code="a">Publisher supplied data</subfield>
        </datafield>
        <datafield tag="593" ind1=" " ind2=" ">
            <subfield code="a">PubAg article</subfield>
        </datafield>
        <datafield tag="596" ind1=" " ind2=" ">
            <subfield code="c">U.S. Forest Service</subfield>
        </datafield>
        <datafield tag="596" ind1=" " ind2=" ">
            <subfield code="c">University of California, Davis</subfield>
        </datafield>
        <datafield tag="650" ind1=" " ind2="3">
            <subfield code="a">fire intensity</subfield>
        </datafield>
        <datafield tag="650" ind1=" " ind2="3">
            <subfield code="a">fire regime</subfield>
        </datafield>
        <datafield tag="650" ind1=" " ind2="3">
            <subfield code="a">fires</subfield>
        </datafield>
        <datafield tag="650" ind1=" " ind2="3">
            <subfield code="a">forests</subfield>
        </datafield>
        <datafield tag="650" ind1=" " ind2="3">
            <subfield code="a">guidelines</subfield>
        </datafield>
        <datafield tag="650" ind1=" " ind2="3">
            <subfield code="a">mountains</subfield>
        </datafield>
        <datafield tag="650" ind1=" " ind2="3">
            <subfield code="a">overstory</subfield>
        </datafield>
        <datafield tag="650" ind1=" " ind2="3">
            <subfield code="a">prescribed burning</subfield>
        </datafield>
        <datafield tag="650" ind1=" " ind2="3">
            <subfield code="a">shade tolerance</subfield>
        </datafield>
        <datafield tag="650" ind1=" " ind2="3">
            <subfield code="a">species diversity</subfield>
        </datafield>
        <datafield tag="650" ind1=" " ind2="3">
            <subfield code="a">topographic slope</subfield>
        </datafield>
        <datafield tag="650" ind1=" " ind2="3">
            <subfield code="a">trees</subfield>
        </datafield>
        <datafield tag="653" ind1=" " ind2="0">
            <subfield code="a">Fire resilience</subfield>
        </datafield>
        <datafield tag="653" ind1=" " ind2="0">
            <subfield code="a">Forest gaps</subfield>
        </datafield>
        <datafield tag="653" ind1=" " ind2="0">
            <subfield code="a">Forest restoration</subfield>
        </datafield>
        <datafield tag="653" ind1=" " ind2="0">
            <subfield code="a">ICO</subfield>
        </datafield>
        <datafield tag="653" ind1=" " ind2="0">
            <subfield code="a">Topography</subfield>
        </datafield>
        <datafield tag="653" ind1=" " ind2="0">
            <subfield code="a">Tree spatial patterns</subfield>
        </datafield>
        <datafield tag="700" ind1="1" ind2=" ">
            <subfield code="a">North, Malcolm P.</subfield>
            <subfield code="e">author</subfield>
            <subfield code="u">USDA Forest Service Pacific Southwest Research Station. 2500 Highway
                203, Mammoth Lakes, CA 93546, USA</subfield>
        </datafield>
        <datafield tag="700" ind1="1" ind2=" ">
            <subfield code="a">Arditti, Alec J.</subfield>
            <subfield code="e">author</subfield>
            <subfield code="u">John Muir Institute of the Environment, University of California,
                Davis, One Shields Ave., Davis, CA 95616, USA</subfield>
        </datafield>
        <datafield tag="700" ind1="1" ind2=" ">
            <subfield code="a">Cooper, Monica R.</subfield>
            <subfield code="e">author</subfield>
            <subfield code="u">John Muir Institute of the Environment, University of California,
                Davis, One Shields Ave., Davis, CA 95616, USA</subfield>
        </datafield>
        <datafield tag="700" ind1="1" ind2=" ">
            <subfield code="a">Lutz, James A.</subfield>
            <subfield code="e">author</subfield>
            <subfield code="u">Wildland Resources Department, Utah State University. 5230 Old Main
                Hill, Logan, UT 84322-5230, USA</subfield>
        </datafield>
        <datafield tag="773" ind1="0" ind2=" ">
            <subfield code="t">Forest ecology and management.</subfield>
            <subfield code="g">2020 Sept. 15, v. 472 p.118220-</subfield>
            <subfield code="d">Elsevier B.V.</subfield>
            <subfield code="a">Elsevier B.V.</subfield>
            <subfield code="w">Journal:jnl9013</subfield>
            <subfield code="x">0378-1127</subfield>
            <subfield code="7">nnas</subfield>
        </datafield>
        <datafield tag="787" ind1="1" ind2=" ">
            <subfield code="o">islandora_article_repository</subfield>
        </datafield>
        <datafield tag="787" ind1="1" ind2=" ">
            <subfield code="o">product_pubag</subfield>
        </datafield>
        <datafield tag="787" ind1="1" ind2=" ">
            <subfield code="o">(Journal)jnl9013</subfield>
        </datafield>
        <datafield tag="856" ind1="4" ind2="0">
            <subfield code="u">https://dx.doi.org/10.1016/j.foreco.2020.118220</subfield>
            <subfield code="3">Available from publisher's site</subfield>
        </datafield>
        <datafield tag="912" ind1=" " ind2=" ">
            <subfield code="a">Article</subfield>
        </datafield>
        <datafield tag="914" ind1=" " ind2=" ">
            <subfield code="a">Journal:jnl9013</subfield>
            <subfield code="b">0378-1127</subfield>
            <subfield code="c">472</subfield>
            <subfield code="e">118220</subfield>
        </datafield>
        <datafield tag="914" ind1=" " ind2=" ">
            <subfield code="f">Forest ecology and management</subfield>
        </datafield>
        <datafield tag="916" ind1=" " ind2=" ">
            <subfield code="a">Batch:2522</subfield>
        </datafield>
        <datafield tag="917" ind1=" " ind2=" ">
            <subfield code="a">issued</subfield>
        </datafield>
        <datafield tag="918" ind1="2" ind2=" ">
            <subfield code="a">Elsevier Consyn</subfield>
            <subfield code="e">provider</subfield>
            <subfield code="5">DNAL</subfield>
        </datafield>
        <datafield tag="935" ind1=" " ind2=" ">
            <subfield code="a">IND606966671</subfield>
            <subfield code="9">ExL</subfield>
        </datafield>
        <datafield tag="949" ind1=" " ind2=" ">
            <subfield code="a">2020-07-16</subfield>
        </datafield>
        <datafield tag="953" ind1=" " ind2=" ">
            <subfield code="a">/data/metadata/incoming/consyn/152687768990177001-00002-HEAD-ONLY-NEW
                CONSYN ISSNS.zip</subfield>
        </datafield>
        <datafield tag="954" ind1=" " ind2=" ">
            <subfield code="a">file:/data/metadata/staging/consyn/S0378112720309890.xml</subfield>
        </datafield>
        <datafield tag="955" ind1=" " ind2=" ">
            <subfield code="a">/data/metadata/staging/consyn/</subfield>
        </datafield>
        <datafield tag="961" ind1=" " ind2=" ">
            <subfield code="a">USDA/FS</subfield>
        </datafield>
        <datafield tag="974" ind1=" " ind2=" ">
            <subfield code="a">agid:6966671</subfield>
        </datafield>
        <datafield tag="983" ind1=" " ind2=" ">
            <subfield code="a">2020-07-19</subfield>
        </datafield>
        <datafield tag="984" ind1=" " ind2=" ">
            <subfield code="a">2022-09-06</subfield>
        </datafield>
    </record>