
    <record>
        <leader>05162nab a2200757 u 4500</leader>
        <controlfield tag="001">9916296892807426</controlfield>
        <controlfield tag="005">20221118114219.0</controlfield>
        <controlfield tag="008">200719e20200915xx |||||o|||||||||||eng||</controlfield>
        <datafield tag="016" ind1="7" ind2=" ">
            <subfield code="a">IND606966668</subfield>
            <subfield code="2">DNAL</subfield>
        </datafield>
        <datafield tag="024" ind1="7" ind2=" ">
            <subfield code="a">10.1016/j.foreco.2020.118198</subfield>
            <subfield code="2">doi</subfield>
        </datafield>
        <datafield tag="035" ind1=" " ind2=" ">
            <subfield code="a">agid:6966668-01nal_inst</subfield>
        </datafield>
        <datafield tag="040" ind1=" " ind2=" ">
            <subfield code="a">AGL</subfield>
            <subfield code="b">eng</subfield>
            <subfield code="c">AGL</subfield>
        </datafield>
        <datafield tag="100" ind1="1" ind2=" ">
            <subfield code="a">Mulder, Obadiah</subfield>
            <subfield code="e">author</subfield>
            <subfield code="u">Biology, Green Mountain College, 1 Brennan Circle, Poultney, VT
                05764, United States</subfield>
        </datafield>
        <datafield tag="245" ind1="1" ind2="2">
            <subfield code="a">A Bayesian analysis of topographic influences on the presence and
                severity of beech bark disease</subfield>
        </datafield>
        <datafield tag="520" ind1=" " ind2=" ">
            <subfield code="a">Forests of the Eastern United States and North Eastern Canada have
                been devastated by the onslaught of beech bark disease (BBD). The cultivation and
                management of resistant trees is an important conservation issue. Disease resistance
                is an interplay between tree genetics and environmental factors. To further
                understand resistance to BBD, this studyinvestigates the contribution of topographic
                factors to both the occurrence and the severity of beech bark disease through the
                examination of small-scale patterns of disease.Approximately two hundred trees of
                the species Fagus grandifolia (American beech) located on an eighty-five-acre plot
                in southwestern Vermont were monitored over five years for the presence and severity
                of BBD. Trees were examined yearly, during which time diameter at breast height
                (DBH) was recorded as well as a measure of disease severity. Topographical factors
                (aspect, slope, curvature, elevation, and aspect•slope) were assessed as potential
                predictors of disease presence and severity. Two distance measures of disease
                presence in nearby trees were also included to control for the spatial spread of the
                disease.Akaike’s Information Criterion (AIC) was used to determine which subset of
                parameters yielded the best binary and ordinal logistic models of disease presence
                and rank. Bayesian analysis was used to determine the joint posterior distribution
                for model parameters.Slope was a both significant factors in determining disease
                presence. Slope•aspect was significant in determining both the presence and disease
                severity. DBH, time, and weighted distance to diseased trees were strong indicators
                of both disease presence and severity. Curvature and elevation were not significant
                factors. Predictive models based on identifiedlocaltopographical parameters can
                identify environmental factors conducive to resistance which canbe utilized toinform
                and designate regional beech restoration sites. Such models can alsoidentify
                potential candidate trees for resistance screening and genetic profiling. With the
                more recent availability of higher resolution USGS topographic maps for the
                northeastern United States, it is easier to determine and evaluate ideal resistant
                beech habitat. From these maps we can predict regions with healthier beech trees and
                suggest potential ecologically favorable restoration sites only using slope and
                aspect.</subfield>
        </datafield>
        <datafield tag="592" ind1=" " ind2=" ">
            <subfield code="a">Publisher supplied data</subfield>
        </datafield>
        <datafield tag="593" ind1=" " ind2=" ">
            <subfield code="a">PubAg article</subfield>
        </datafield>
        <datafield tag="650" ind1=" " ind2="3">
            <subfield code="a">Bayesian theory</subfield>
        </datafield>
        <datafield tag="650" ind1=" " ind2="3">
            <subfield code="a">Fagus grandifolia</subfield>
        </datafield>
        <datafield tag="650" ind1=" " ind2="3">
            <subfield code="a">United States Geological Survey</subfield>
        </datafield>
        <datafield tag="650" ind1=" " ind2="3">
            <subfield code="a">beech bark disease</subfield>
        </datafield>
        <datafield tag="650" ind1=" " ind2="3">
            <subfield code="a">disease resistance</subfield>
        </datafield>
        <datafield tag="650" ind1=" " ind2="3">
            <subfield code="a">disease severity</subfield>
        </datafield>
        <datafield tag="650" ind1=" " ind2="3">
            <subfield code="a">environmental factors</subfield>
        </datafield>
        <datafield tag="650" ind1=" " ind2="3">
            <subfield code="a">forests</subfield>
        </datafield>
        <datafield tag="650" ind1=" " ind2="3">
            <subfield code="a">genetic profile</subfield>
        </datafield>
        <datafield tag="650" ind1=" " ind2="3">
            <subfield code="a">habitats</subfield>
        </datafield>
        <datafield tag="650" ind1=" " ind2="3">
            <subfield code="a">logit analysis</subfield>
        </datafield>
        <datafield tag="650" ind1=" " ind2="3">
            <subfield code="a">models</subfield>
        </datafield>
        <datafield tag="650" ind1=" " ind2="3">
            <subfield code="a">plant genetics</subfield>
        </datafield>
        <datafield tag="650" ind1=" " ind2="3">
            <subfield code="a">screening</subfield>
        </datafield>
        <datafield tag="650" ind1=" " ind2="3">
            <subfield code="a">topographic maps</subfield>
        </datafield>
        <datafield tag="650" ind1=" " ind2="3">
            <subfield code="a">topography</subfield>
        </datafield>
        <datafield tag="650" ind1=" " ind2="3">
            <subfield code="a">tree and stand measurements</subfield>
        </datafield>
        <datafield tag="650" ind1=" " ind2="3">
            <subfield code="a">trees</subfield>
        </datafield>
        <datafield tag="651" ind1=" " ind2="3">
            <subfield code="a">Canada</subfield>
        </datafield>
        <datafield tag="651" ind1=" " ind2="3">
            <subfield code="a">Vermont</subfield>
        </datafield>
        <datafield tag="653" ind1=" " ind2="0">
            <subfield code="a">Fagus grandifolia</subfield>
        </datafield>
        <datafield tag="653" ind1=" " ind2="0">
            <subfield code="a">Beech bark disease</subfield>
        </datafield>
        <datafield tag="653" ind1=" " ind2="0">
            <subfield code="a">Topographic factors</subfield>
        </datafield>
        <datafield tag="653" ind1=" " ind2="0">
            <subfield code="a">Bayesian analysis</subfield>
        </datafield>
        <datafield tag="653" ind1=" " ind2="0">
            <subfield code="a">Disease ecology</subfield>
        </datafield>
        <datafield tag="653" ind1=" " ind2="0">
            <subfield code="a">Forest ecology</subfield>
        </datafield>
        <datafield tag="653" ind1=" " ind2="0">
            <subfield code="a">Restoration</subfield>
        </datafield>
        <datafield tag="700" ind1="1" ind2=" ">
            <subfield code="a">Sleith, Robin</subfield>
            <subfield code="e">author</subfield>
            <subfield code="u">Biology, Smith College, 44 College Lane, Northampton, MA 01063,
                United States</subfield>
        </datafield>
        <datafield tag="700" ind1="1" ind2=" ">
            <subfield code="a">Mulder, Kenneth</subfield>
            <subfield code="e">author</subfield>
            <subfield code="u">Mathematics, Long Trail School, 1045 Kirby Hollow Rd, Dorset, VT
                05251, United States</subfield>
        </datafield>
        <datafield tag="700" ind1="1" ind2=" ">
            <subfield code="a">Coe, Natalie Ribarik</subfield>
            <subfield code="e">author</subfield>
            <subfield code="u">Chemistry, Long Trail School, 1045 Kirby Hollow Rd, Dorset, VT 05251,
                United States</subfield>
        </datafield>
        <datafield tag="773" ind1="0" ind2=" ">
            <subfield code="t">Forest ecology and management.</subfield>
            <subfield code="g">2020 Sept. 15, v. 472 p.118198-</subfield>
            <subfield code="d">Elsevier B.V.</subfield>
            <subfield code="w">Journal:jnl9013</subfield>
            <subfield code="x">0378-1127</subfield>
            <subfield code="7">nnas</subfield>
        </datafield>
        <datafield tag="787" ind1="1" ind2=" ">
            <subfield code="o">islandora_article_repository</subfield>
        </datafield>
        <datafield tag="787" ind1="1" ind2=" ">
            <subfield code="o">product_pubag</subfield>
        </datafield>
        <datafield tag="787" ind1="1" ind2=" ">
            <subfield code="o">(Journal)jnl9013</subfield>
        </datafield>
        <datafield tag="856" ind1="4" ind2="0">
            <subfield code="u">https://dx.doi.org/10.1016/j.foreco.2020.118198</subfield>
            <subfield code="3">Available from publisher's site</subfield>
        </datafield>
        <datafield tag="912" ind1=" " ind2=" ">
            <subfield code="a">Article</subfield>
        </datafield>
        <datafield tag="914" ind1=" " ind2=" ">
            <subfield code="a">Journal:jnl9013</subfield>
            <subfield code="b">0378-1127</subfield>
            <subfield code="c">472</subfield>
            <subfield code="e">118198</subfield>
        </datafield>
        <datafield tag="914" ind1=" " ind2=" ">
            <subfield code="f">Forest ecology and management</subfield>
        </datafield>
        <datafield tag="916" ind1=" " ind2=" ">
            <subfield code="a">Batch:2522</subfield>
        </datafield>
        <datafield tag="917" ind1=" " ind2=" ">
            <subfield code="a">issued</subfield>
        </datafield>
        <datafield tag="918" ind1="2" ind2=" ">
            <subfield code="a">Elsevier Consyn</subfield>
            <subfield code="e">provider</subfield>
            <subfield code="5">DNAL</subfield>
        </datafield>
        <datafield tag="935" ind1=" " ind2=" ">
            <subfield code="a">IND606966668</subfield>
            <subfield code="9">ExL</subfield>
        </datafield>
        <datafield tag="949" ind1=" " ind2=" ">
            <subfield code="a">2020-07-16</subfield>
        </datafield>
        <datafield tag="953" ind1=" " ind2=" ">
            <subfield code="a">/data/metadata/incoming/consyn/152687768990177001-00002-HEAD-ONLY-NEW
                CONSYN ISSNS.zip</subfield>
        </datafield>
        <datafield tag="954" ind1=" " ind2=" ">
            <subfield code="a">file:/data/metadata/staging/consyn/S0378112720302875.xml</subfield>
        </datafield>
        <datafield tag="955" ind1=" " ind2=" ">
            <subfield code="a">/data/metadata/staging/consyn/</subfield>
        </datafield>
        <datafield tag="974" ind1=" " ind2=" ">
            <subfield code="a">agid:6966668</subfield>
        </datafield>
        <datafield tag="983" ind1=" " ind2=" ">
            <subfield code="a">2020-07-19</subfield>
        </datafield>
        <datafield tag="984" ind1=" " ind2=" ">
            <subfield code="a">2020-07-19</subfield>
        </datafield>
    </record>