
    <record>
        <leader>03988nab a2200589 u 4500</leader>
        <controlfield tag="001">9916298447407426</controlfield>
        <controlfield tag="005">20221118054521.0</controlfield>
        <controlfield tag="008">150216e201409 xx |||||o|||||||||||eng||</controlfield>
        <datafield tag="016" ind1="7" ind2=" ">
            <subfield code="a">IND600807422</subfield>
            <subfield code="2">DNAL</subfield>
        </datafield>
        <datafield tag="024" ind1="7" ind2=" ">
            <subfield code="a">10.1007/s13253-014-0175-0</subfield>
            <subfield code="2">doi</subfield>
        </datafield>
        <datafield tag="035" ind1=" " ind2=" ">
            <subfield code="a">agid:807422-01nal_inst</subfield>
        </datafield>
        <datafield tag="040" ind1=" " ind2=" ">
            <subfield code="a">AGL</subfield>
            <subfield code="b">eng</subfield>
            <subfield code="c">AGL</subfield>
        </datafield>
        <datafield tag="100" ind1="1" ind2=" ">
            <subfield code="a">Ellison, Aaron M.</subfield>
            <subfield code="e">author</subfield>
            <subfield code="u">Harvard Forest, Harvard University, 324 North Main Street, Petersham,
                MA, 01366, USA,</subfield>
        </datafield>
        <datafield tag="245" ind1="1" ind2="0">
            <subfield code="a">Kernel Intensity Estimation of 2-Dimensional Spatial Poisson Point
                Processes From k-Tree Sampling</subfield>
        </datafield>
        <datafield tag="300" ind1=" " ind2=" ">
            <subfield code="a">p. 357-372.</subfield>
        </datafield>
        <datafield tag="520" ind1=" " ind2=" ">
            <subfield code="a">To estimate the spatial intensity (density) of plants and animals,
                ecologists often sample populations by prespecifing a spatial array of points, then
                measuring the distance from each point to the k nearest organisms, a so-called
                k-tree sampling method. A variety of ad hoc methods are available for estimating
                intensity from k-tree sampling data, but they assume that two distinct points of the
                array do not share nearest neighbors. However, nearest neighbors are likely to be
                shared when the population intensity is low, as it is in our application. The
                purpose of this paper is twofold: (a) to derive and use for estimation the
                likelihood function for a k-tree sample under an inhomogeneous Poisson point-process
                model and (b) to estimate spatial intensity when nearest neighbors are shared. We
                derive the likelihood function for an inhomogeneous Poisson point-process with
                intensity λ(x,y) and propose a likelihood-based, kernel-smoothed estimator [Formula:
                see text]. Performance of the method for k=1 is tested on four types of simulated
                populations: two homogeneous populations with low and high intensity, a population
                simulated from a bivariate normal distribution of intensity, and a “cliff”
                population in which the region is divided into high- and low-intensity subregions.
                The method correctly detected spatial variation in intensity across different
                subregions of the simulated populations. Application to 1-tree samples of
                carnivorous pitcher plants populations in four New England peat bogs suggests that
                the method adequately captures empirical patterns of spatial intensity. However, our
                method suffers from two evident sources of bias. First, like other kernel smoothers,
                it underestimates peaks and overestimates valleys. Second, it has positive bias
                analogous to that of the MLE for the rate parameter of exponential random
                variables.</subfield>
        </datafield>
        <datafield tag="592" ind1=" " ind2=" ">
            <subfield code="a">Publisher supplied data</subfield>
        </datafield>
        <datafield tag="593" ind1=" " ind2=" ">
            <subfield code="a">PubAg article</subfield>
        </datafield>
        <datafield tag="650" ind1=" " ind2="3">
            <subfield code="a">animals</subfield>
        </datafield>
        <datafield tag="650" ind1=" " ind2="3">
            <subfield code="a">carnivores</subfield>
        </datafield>
        <datafield tag="650" ind1=" " ind2="3">
            <subfield code="a">models</subfield>
        </datafield>
        <datafield tag="650" ind1=" " ind2="3">
            <subfield code="a">peatlands</subfield>
        </datafield>
        <datafield tag="650" ind1=" " ind2="3">
            <subfield code="a">probability</subfield>
        </datafield>
        <datafield tag="650" ind1=" " ind2="3">
            <subfield code="a">seeds</subfield>
        </datafield>
        <datafield tag="650" ind1=" " ind2="3">
            <subfield code="a">valleys</subfield>
        </datafield>
        <datafield tag="651" ind1=" " ind2="3">
            <subfield code="a">New England region</subfield>
        </datafield>
        <datafield tag="700" ind1="1" ind2=" ">
            <subfield code="a">Gotelli, Nicholas J.</subfield>
            <subfield code="e">author</subfield>
        </datafield>
        <datafield tag="700" ind1="1" ind2=" ">
            <subfield code="a">Hsiang, Natalie</subfield>
            <subfield code="e">author</subfield>
        </datafield>
        <datafield tag="700" ind1="1" ind2=" ">
            <subfield code="a">Lavine, Michael</subfield>
            <subfield code="e">author</subfield>
        </datafield>
        <datafield tag="700" ind1="1" ind2=" ">
            <subfield code="a">Maidman, Adam B.</subfield>
            <subfield code="e">author</subfield>
        </datafield>
        <datafield tag="773" ind1="0" ind2=" ">
            <subfield code="t">Journal of agricultural, biological, and environmental
                statistics.</subfield>
            <subfield code="g">2014 Sept., v. 19, no. 3 p.357-372</subfield>
            <subfield code="d">Springer-Verlag</subfield>
            <subfield code="x">1085-7117</subfield>
            <subfield code="7">nnas</subfield>
        </datafield>
        <datafield tag="787" ind1="1" ind2=" ">
            <subfield code="o">islandora_article_repository</subfield>
        </datafield>
        <datafield tag="787" ind1="1" ind2=" ">
            <subfield code="o">product_pubag</subfield>
        </datafield>
        <datafield tag="787" ind1="1" ind2=" ">
            <subfield code="o">(Journal)jnl55399</subfield>
        </datafield>
        <datafield tag="856" ind1="4" ind2="0">
            <subfield code="u">http://dx.doi.org/10.1007/s13253-014-0175-0</subfield>
            <subfield code="3">Available from publisher's site</subfield>
        </datafield>
        <datafield tag="912" ind1=" " ind2=" ">
            <subfield code="a">Article</subfield>
        </datafield>
        <datafield tag="914" ind1=" " ind2=" ">
            <subfield code="a">Journal:jnl55399</subfield>
            <subfield code="b">1085-7117</subfield>
            <subfield code="c">19</subfield>
            <subfield code="d">3</subfield>
            <subfield code="e">357</subfield>
        </datafield>
        <datafield tag="914" ind1=" " ind2=" ">
            <subfield code="f">Journal of agricultural, biological, and environmental
                statistics</subfield>
        </datafield>
        <datafield tag="916" ind1=" " ind2=" ">
            <subfield code="a">Batch:662</subfield>
        </datafield>
        <datafield tag="917" ind1=" " ind2=" ">
            <subfield code="a">issued</subfield>
        </datafield>
        <datafield tag="918" ind1="2" ind2=" ">
            <subfield code="a">Springer</subfield>
            <subfield code="e">provider</subfield>
            <subfield code="5">DNAL</subfield>
        </datafield>
        <datafield tag="935" ind1=" " ind2=" ">
            <subfield code="a">IND600807422</subfield>
            <subfield code="9">ExL</subfield>
        </datafield>
        <datafield tag="949" ind1=" " ind2=" ">
            <subfield code="a">2014-09-29</subfield>
        </datafield>
        <datafield tag="953" ind1=" " ind2=" ">
            <subfield code="a">ftp_PUB_14-08-06_05-33-00.zip</subfield>
        </datafield>
        <datafield tag="962" ind1=" " ind2=" ">
            <subfield code="a">Original journal title in upper case</subfield>
        </datafield>
        <datafield tag="962" ind1=" " ind2=" ">
            <subfield code="a">Journal title changed from 'JABES'</subfield>
        </datafield>
        <datafield tag="962" ind1=" " ind2=" ">
            <subfield code="a">Batch:662 annotated on 2014-09-16T11:53:09Z</subfield>
        </datafield>
        <datafield tag="962" ind1=" " ind2=" ">
            <subfield code="a">Batch:662 reviewed on 2014-09-26T16:00:02Z</subfield>
        </datafield>
        <datafield tag="962" ind1=" " ind2=" ">
            <subfield code="a">Batch:662 reviewed on 2014-09-29T04:00:02Z</subfield>
        </datafield>
        <datafield tag="974" ind1=" " ind2=" ">
            <subfield code="a">agid:807422</subfield>
        </datafield>
        <datafield tag="983" ind1=" " ind2=" ">
            <subfield code="a">2015-02-16</subfield>
        </datafield>
        <datafield tag="984" ind1=" " ind2=" ">
            <subfield code="a">2015-02-16</subfield>
        </datafield>
    </record>