
    <record>
        <leader>03902nab a2200649 u 4500</leader>
        <controlfield tag="001">9916298849107426</controlfield>
        <controlfield tag="005">20221118055847.0</controlfield>
        <controlfield tag="008">121003e201204 xx |||||o|||||||||||eng||</controlfield>
        <datafield tag="016" ind1="7" ind2=" ">
            <subfield code="a">IND44762300</subfield>
            <subfield code="2">DNAL</subfield>
        </datafield>
        <datafield tag="024" ind1="7" ind2=" ">
            <subfield code="a">10.1007/s10592-011-0310-1</subfield>
            <subfield code="2">doi</subfield>
        </datafield>
        <datafield tag="035" ind1=" " ind2=" ">
            <subfield code="a">agid:421974-01nal_inst</subfield>
        </datafield>
        <datafield tag="040" ind1=" " ind2=" ">
            <subfield code="a">AGL</subfield>
            <subfield code="b">eng</subfield>
            <subfield code="c">AGL</subfield>
        </datafield>
        <datafield tag="100" ind1="1" ind2=" ">
            <subfield code="a">Quinteros-Casaverde, Natalia</subfield>
            <subfield code="e">author</subfield>
            <subfield code="u">Department of Environmental Sciences, Texas Christian University,
                2955 S. University Dr., Fort Worth, TX, 76129, USA,</subfield>
        </datafield>
        <datafield tag="245" ind1="1" ind2="0">
            <subfield code="a">Low genetic diversity and fragmentation effects in a wind-pollinated
                tree, Polylepis multijuga Plige (Rosaceae) in the high Andes</subfield>
        </datafield>
        <datafield tag="300" ind1=" " ind2=" ">
            <subfield code="a">p. 593-603.</subfield>
        </datafield>
        <datafield tag="520" ind1=" " ind2=" ">
            <subfield code="a">Fragmentation is predicted to increase inbreeding depression and
                lower the evolutionary potential of organisms by disrupting dispersal. Trees may be
                more resilient to fragmentation effects due to potential long-distance dispersal
                mechanisms that genetically connect fragments. Polylepis woodlands in the high Andes
                are highly fragmented and are currently the focus of reforestation and conservation
                efforts. Polylepis multijuga Plige (Rosaceae) is a threatened, endemic tree species
                in the northern Andes of Peru. Samples were collected from 371 adult trees in nine
                forest fragments separated by 0.5–80 km and genotyped at amplified fragment
                length polymorphism loci (AFLP) and chloroplast intergenic regions to determine the
                connectedness of fragments and their suitability for collecting seed for restoration
                efforts. P. multijuga is wind-pollinated and dispersed; however, genetic diversity
                in P. multijuga was about half that reported for other wind-pollinated species.
                Genetic spatial autocorrelation and patterns of chloroplast and AFLP diversity
                suggest seed dispersal is very limited and that wind dispersed pollen does not
                effectively connect all fragments. Conservation of this species will require
                reforestation efforts and possibly augmentation of some fragments to increase their
                genetic diversity. Collecting seed from multiple large fragments and from
                individuals separated by at least 25 m within fragments would maximize the genetic
                diversity of seed collections for reforestation or augmentation. Future studies of
                this and other Polylepis species should determine how complex topography may affect
                wind mediated dispersal between fragments and patterns of genetic
                diversity.</subfield>
        </datafield>
        <datafield tag="592" ind1=" " ind2=" ">
            <subfield code="a">Publisher supplied data</subfield>
        </datafield>
        <datafield tag="593" ind1=" " ind2=" ">
            <subfield code="a">PubAg article</subfield>
        </datafield>
        <datafield tag="650" ind1=" " ind2="3">
            <subfield code="a">Rosaceae</subfield>
        </datafield>
        <datafield tag="650" ind1=" " ind2="3">
            <subfield code="a">amplified fragment length polymorphism</subfield>
        </datafield>
        <datafield tag="650" ind1=" " ind2="3">
            <subfield code="a">autocorrelation</subfield>
        </datafield>
        <datafield tag="650" ind1=" " ind2="3">
            <subfield code="a">chloroplasts</subfield>
        </datafield>
        <datafield tag="650" ind1=" " ind2="3">
            <subfield code="a">genetic variation</subfield>
        </datafield>
        <datafield tag="650" ind1=" " ind2="3">
            <subfield code="a">habitat fragmentation</subfield>
        </datafield>
        <datafield tag="650" ind1=" " ind2="3">
            <subfield code="a">inbreeding depression</subfield>
        </datafield>
        <datafield tag="650" ind1=" " ind2="3">
            <subfield code="a">intergenic DNA</subfield>
        </datafield>
        <datafield tag="650" ind1=" " ind2="3">
            <subfield code="a">loci</subfield>
        </datafield>
        <datafield tag="650" ind1=" " ind2="3">
            <subfield code="a">pollen</subfield>
        </datafield>
        <datafield tag="650" ind1=" " ind2="3">
            <subfield code="a">reforestation</subfield>
        </datafield>
        <datafield tag="650" ind1=" " ind2="3">
            <subfield code="a">seed collecting</subfield>
        </datafield>
        <datafield tag="650" ind1=" " ind2="3">
            <subfield code="a">seed dispersal</subfield>
        </datafield>
        <datafield tag="650" ind1=" " ind2="3">
            <subfield code="a">topography</subfield>
        </datafield>
        <datafield tag="650" ind1=" " ind2="3">
            <subfield code="a">trees</subfield>
        </datafield>
        <datafield tag="650" ind1=" " ind2="3">
            <subfield code="a">wind</subfield>
        </datafield>
        <datafield tag="650" ind1=" " ind2="3">
            <subfield code="a">woodlands</subfield>
        </datafield>
        <datafield tag="651" ind1=" " ind2="3">
            <subfield code="a">Andes region</subfield>
        </datafield>
        <datafield tag="651" ind1=" " ind2="3">
            <subfield code="a">Peru</subfield>
        </datafield>
        <datafield tag="700" ind1="1" ind2=" ">
            <subfield code="a">Flores-Negrón, Cesar F.</subfield>
            <subfield code="e">author</subfield>
        </datafield>
        <datafield tag="700" ind1="1" ind2=" ">
            <subfield code="a">Williams, Dean A.</subfield>
            <subfield code="e">author</subfield>
        </datafield>
        <datafield tag="773" ind1="0" ind2=" ">
            <subfield code="t">Conservation genetics.</subfield>
            <subfield code="g">2012 Apr., v. 13, no. 2 p.593-603</subfield>
            <subfield code="d">Springer-Verlag</subfield>
            <subfield code="x">1566-0621</subfield>
            <subfield code="7">nnas</subfield>
        </datafield>
        <datafield tag="787" ind1="1" ind2=" ">
            <subfield code="o">islandora_article_repository</subfield>
        </datafield>
        <datafield tag="787" ind1="1" ind2=" ">
            <subfield code="o">product_pubag</subfield>
        </datafield>
        <datafield tag="787" ind1="1" ind2=" ">
            <subfield code="o">(Journal)jnl3870040</subfield>
        </datafield>
        <datafield tag="856" ind1="4" ind2="0">
            <subfield code="u">http://dx.doi.org/10.1007/s10592-011-0310-1</subfield>
        </datafield>
        <datafield tag="912" ind1=" " ind2=" ">
            <subfield code="a">Article</subfield>
        </datafield>
        <datafield tag="914" ind1=" " ind2=" ">
            <subfield code="a">Journal:jnl3870040</subfield>
            <subfield code="b">1566-0621</subfield>
            <subfield code="c">13</subfield>
            <subfield code="d">2</subfield>
            <subfield code="e">593</subfield>
        </datafield>
        <datafield tag="914" ind1=" " ind2=" ">
            <subfield code="f">Conservation genetics</subfield>
        </datafield>
        <datafield tag="917" ind1=" " ind2=" ">
            <subfield code="a">issued</subfield>
        </datafield>
        <datafield tag="918" ind1="2" ind2=" ">
            <subfield code="a">Springer</subfield>
            <subfield code="e">provider</subfield>
            <subfield code="5">DNAL</subfield>
        </datafield>
        <datafield tag="935" ind1=" " ind2=" ">
            <subfield code="a">IND44762300</subfield>
            <subfield code="9">ExL</subfield>
        </datafield>
        <datafield tag="949" ind1=" " ind2=" ">
            <subfield code="a">2014-01-27</subfield>
        </datafield>
        <datafield tag="951" ind1=" " ind2=" ">
            <subfield code="a">2012-10-03</subfield>
        </datafield>
        <datafield tag="953" ind1=" " ind2=" ">
            <subfield code="a">ftp_PUB_12-10-02_18-46-39.zip</subfield>
        </datafield>
        <datafield tag="962" ind1=" " ind2=" ">
            <subfield code="a">Journal title changed from 'Conserv Genet'</subfield>
        </datafield>
        <datafield tag="962" ind1=" " ind2=" ">
            <subfield code="a">Batch:417 annotated on 2014-01-10T17:08:48Z</subfield>
        </datafield>
        <datafield tag="962" ind1=" " ind2=" ">
            <subfield code="a">Batch:417 reviewed on 2014-01-27T16:00:03Z</subfield>
        </datafield>
        <datafield tag="974" ind1=" " ind2=" ">
            <subfield code="a">agid:421974</subfield>
        </datafield>
    </record>