
    <record>
        <leader>03971nab a2200553 u 4500</leader>
        <controlfield tag="001">9916299164207426</controlfield>
        <controlfield tag="005">20221118055912.0</controlfield>
        <controlfield tag="008">990113e199811 dcu|||||o|||||||||||eng||</controlfield>
        <datafield tag="016" ind1="7" ind2=" ">
            <subfield code="a">IND21964405</subfield>
            <subfield code="2">DNAL</subfield>
        </datafield>
        <datafield tag="024" ind1="7" ind2=" ">
            <subfield code="a">10.1890/1051-0761(1998)008[1072:IOGDAC]2.0.CO;2</subfield>
            <subfield code="2">doi</subfield>
        </datafield>
        <datafield tag="035" ind1=" " ind2=" ">
            <subfield code="a">agid:2012609-01nal_inst</subfield>
        </datafield>
        <datafield tag="040" ind1=" " ind2=" ">
            <subfield code="a">AGL</subfield>
            <subfield code="b">eng</subfield>
            <subfield code="c">AGL</subfield>
        </datafield>
        <datafield tag="100" ind1="1" ind2=" ">
            <subfield code="a">He, Hong S.</subfield>
            <subfield code="e">author</subfield>
            <subfield code="u">Department of Forest Ecology and Management, University of
                Wisconsin–Madison, 1630 Linden Drive, Madison, Wisconsin 53706-1598 USA</subfield>
        </datafield>
        <datafield tag="245" ind1="1" ind2="0">
            <subfield code="a">INTEGRATION OF GIS DATA AND CLASSIFIED SATELLITE IMAGERY FOR REGIONAL
                FOREST ASSESSMENT</subfield>
        </datafield>
        <datafield tag="300" ind1=" " ind2=" ">
            <subfield code="a">p. 1072-1083.</subfield>
        </datafield>
        <datafield tag="520" ind1=" " ind2=" ">
            <subfield code="a">New methods are needed to derive detailed spatial environmental data
                for large areas, with the increasing interest in landscape ecology and ecosystem
                management at large scales. We describe a method that integrates several data
                sources for assessing forest composition across large, heterogeneous landscapes.
                Multitemporal Landsat Thematic Mapper (TM) satellite data can yield forest
                classifications with spatially detailed information down to the dominant canopy
                species level in temperate deciduous and mixed forests. We stratified a large region
                (10⁶ ha) by ecoregions (10³–10⁴ ha). Within each ecoregion, plot‐level, field
                inventory data were aggregated to provide information on secondary and sub‐canopy
                tree species occurrence, and tree age class distributions. We derived a
                probabilistic algorithm to assign information from a point coverage (forest
                inventory sampling points) and a polygon coverage (ecoregion boundaries) to a raster
                map (satellite land cover classification). The method was applied to a region in
                northern Wisconsin, USA. The satellite map captures the occurrence and the patch
                structure of canopy dominants. The inventory data provide important secondary
                information on age class and associated species not available with current canopy
                remote sensing. In this way we derived new maps of tree species distribution and
                stand age reflecting differences at the ecoregion scale. These maps can be used in
                assessing forest patterns across regional landscapes, and as input data in models to
                examine forest landscape change over time. As an example, we discuss the
                distribution of eastern white pine (Pinus strobus) as an associated species and its
                potential for restoration in our study region. Our method partially fills a current
                information gap at the landscape scale. However, its applicability is also limited
                to this scale.</subfield>
        </datafield>
        <datafield tag="592" ind1=" " ind2=" ">
            <subfield code="a">Publisher supplied data</subfield>
        </datafield>
        <datafield tag="650" ind1=" " ind2="3">
            <subfield code="a">geographic information systems</subfield>
        </datafield>
        <datafield tag="650" ind1=" " ind2="3">
            <subfield code="a">mixed forests</subfield>
        </datafield>
        <datafield tag="650" ind1=" " ind2="3">
            <subfield code="a">deciduous forests</subfield>
        </datafield>
        <datafield tag="650" ind1=" " ind2="3">
            <subfield code="a">forest inventory</subfield>
        </datafield>
        <datafield tag="650" ind1=" " ind2="3">
            <subfield code="a">Landsat</subfield>
        </datafield>
        <datafield tag="651" ind1=" " ind2="3">
            <subfield code="a">Wisconsin</subfield>
        </datafield>
        <datafield tag="653" ind1=" " ind2="0">
            <subfield code="a">thematic mapper</subfield>
        </datafield>
        <datafield tag="700" ind1="1" ind2=" ">
            <subfield code="a">Mladenoff, David J.</subfield>
            <subfield code="e">author</subfield>
        </datafield>
        <datafield tag="700" ind1="1" ind2=" ">
            <subfield code="a">Radeloff, Volker C.</subfield>
            <subfield code="e">author</subfield>
        </datafield>
        <datafield tag="700" ind1="1" ind2=" ">
            <subfield code="a">Crow, Thomas R.</subfield>
            <subfield code="e">author</subfield>
        </datafield>
        <datafield tag="773" ind1="0" ind2=" ">
            <subfield code="t">Ecological applications.</subfield>
            <subfield code="g">1998 Nov., v. 8, no. 4 p.1072-1083</subfield>
            <subfield code="d">Ecological Society of America</subfield>
            <subfield code="x">1051-0761</subfield>
            <subfield code="7">nnas</subfield>
        </datafield>
        <datafield tag="787" ind1="1" ind2=" ">
            <subfield code="o">islandora_article_repository</subfield>
        </datafield>
        <datafield tag="787" ind1="1" ind2=" ">
            <subfield code="o">(Journal)jnl47193</subfield>
        </datafield>
        <datafield tag="852" ind1=" " ind2=" ">
            <subfield code="a">DNAL</subfield>
        </datafield>
        <datafield tag="856" ind1="4" ind2="0">
            <subfield code="u"
                >http://dx.doi.org/10.1890/1051-0761(1998)008%5B1072:IOGDAC%5D2.0.CO;2</subfield>
            <subfield code="3">Available from publisher's Web site</subfield>
        </datafield>
        <datafield tag="912" ind1=" " ind2=" ">
            <subfield code="a">Article</subfield>
        </datafield>
        <datafield tag="914" ind1=" " ind2=" ">
            <subfield code="a">Journal:jnl47193</subfield>
        </datafield>
        <datafield tag="914" ind1=" " ind2=" ">
            <subfield code="f">Ecological applications</subfield>
        </datafield>
        <datafield tag="917" ind1=" " ind2=" ">
            <subfield code="a">reindex</subfield>
        </datafield>
        <datafield tag="918" ind1="2" ind2=" ">
            <subfield code="a">John Wiley &amp; Sons, Inc</subfield>
            <subfield code="e">provider</subfield>
            <subfield code="5">DNAL</subfield>
        </datafield>
        <datafield tag="930" ind1=" " ind2=" ">
            <subfield code="a">19990131</subfield>
            <subfield code="b">19990208</subfield>
            <subfield code="c">00000000</subfield>
        </datafield>
        <datafield tag="935" ind1=" " ind2=" ">
            <subfield code="a">IND21964405</subfield>
            <subfield code="9">ExL</subfield>
        </datafield>
        <datafield tag="945" ind1=" " ind2=" ">
            <subfield code="a">IND</subfield>
            <subfield code="d">RF1</subfield>
        </datafield>
        <datafield tag="946" ind1=" " ind2=" ">
            <subfield code="a">Other US</subfield>
        </datafield>
        <datafield tag="952" ind1=" " ind2=" ">
            <subfield code="a">19990131 19990208 00000000</subfield>
            <subfield code="b">IND RF1 </subfield>
            <subfield code="c">Minimum level record</subfield>
        </datafield>
        <datafield tag="953" ind1=" " ind2=" ">
            <subfield code="a">10510761_1998_8_4.xml</subfield>
        </datafield>
        <datafield tag="962" ind1=" " ind2=" ">
            <subfield code="a">Original article title in upper case</subfield>
        </datafield>
        <datafield tag="974" ind1=" " ind2=" ">
            <subfield code="a">agid:2012609</subfield>
        </datafield>
        <datafield tag="979" ind1=" " ind2=" ">
            <subfield code="a">Failed schema validation</subfield>
        </datafield>
        <datafield tag="984" ind1=" " ind2=" ">
            <subfield code="a">2016-04-25</subfield>
        </datafield>
        <datafield tag="985" ind1=" " ind2=" ">
            <subfield code="a">Converted from MARCXML to MODS version 3.4 using
                MARC21slim2MODS3-4.xsl (Revision 1.95 2014/04/23)</subfield>
        </datafield>
        <datafield tag="986" ind1=" " ind2=" ">
            <subfield code="a">3324287</subfield>
        </datafield>
    </record>