
    <record>
        <leader>04315nab a2200481 u 4500</leader>
        <controlfield tag="001">9916299182107426</controlfield>
        <controlfield tag="005">20221118055817.0</controlfield>
        <controlfield tag="008">180321e199902 dcu|||||o|||||||||||eng||</controlfield>
        <datafield tag="016" ind1="7" ind2=" ">
            <subfield code="a">IND21979876</subfield>
            <subfield code="2">DNAL</subfield>
        </datafield>
        <datafield tag="024" ind1="7" ind2=" ">
            <subfield code="a">10.1890/1051-0761(1999)009[0186:SEOLCA]2.0.CO;2</subfield>
            <subfield code="2">doi</subfield>
        </datafield>
        <datafield tag="035" ind1=" " ind2=" ">
            <subfield code="a">agid:2012631-01nal_inst</subfield>
        </datafield>
        <datafield tag="040" ind1=" " ind2=" ">
            <subfield code="a">AGL</subfield>
            <subfield code="b">eng</subfield>
            <subfield code="c">AGL</subfield>
        </datafield>
        <datafield tag="100" ind1="1" ind2=" ">
            <subfield code="a">Liu, Jianguo</subfield>
            <subfield code="e">author</subfield>
            <subfield code="u">Department of Fisheries and Wildlife, Michigan State University, East
                Lansing, Michigan 48824-1222 USA</subfield>
        </datafield>
        <datafield tag="245" ind1="1" ind2="0">
            <subfield code="a">Simulating effects of landscape context and timber harvest on tree
                species diversity</subfield>
        </datafield>
        <datafield tag="300" ind1=" " ind2=" ">
            <subfield code="a">p. 186-201.</subfield>
        </datafield>
        <datafield tag="500" ind1=" " ind2=" ">
            <subfield code="a">JOURNAL ARTICLE</subfield>
        </datafield>
        <datafield tag="520" ind1=" " ind2=" ">
            <subfield code="a">Although the need for implementing ecosystem management across
                boundaries has been widely recognized, little is known regarding the extent to which
                loss of species richness resulting from timber harvesting in a focal forest could be
                offset by the surrounding areas. Using an individual‐based, spatially explicit
                landscape simulation model (FORMOSAIC), which considers not only the dynamics of a
                focal forest, but also the interactions between the focal forest and the neighboring
                areas, we found that tree species richness of a tropical forest was related to the
                interactions between harvest impacts and immigration from adjacent areas. Simulation
                results indicated that adjacent species‐rich forests increased species richness in a
                focal forest, but neighboring single‐species plantations had opposite effects, and
                these effects were enhanced by the duration of immigration. Heavier harvest impacts
                on residual trees resulted in lower species richness, although the negative effects
                were partially offset by immigration from species‐rich forests. Immigration after
                heavy harvest impact led to higher species richness than did immigration before
                harvesting, when the surroundings were species‐rich forests. Harvesting on the edges
                of a focal forest resulted in higher species richness than harvesting at the center
                when seed dispersal distances were short, but spatial patterns of harvesting caused
                no differences in species richness if seeds could disperse into the focal forest
                from more distant sources. Under the option of no harvest, immigration was more
                important at small spatial scales than at large spatial scales. From the
                simulations, we also noticed some unexpected results. For example, heavy harvest
                impacts reduced a higher percentage of timber species than nontimber species.
                Simulation results from this study could provide insights into identification of
                alternative methods for sustainable timber production and conservation of tree
                species richness beyond natural, management, and ownership boundaries. One potential
                method would be to establish a species‐rich seed zone around a focal forest to
                partially compensate for negative harvest impacts. Another option would be to
                harvest timber trees at optimal locations and during optimal periods of time to
                accommodate dispersal ability and availability of seeds from the
                surroundings.</subfield>
        </datafield>
        <datafield tag="592" ind1=" " ind2=" ">
            <subfield code="a">Publisher supplied data</subfield>
        </datafield>
        <datafield tag="650" ind1=" " ind2="3">
            <subfield code="a">simulation models</subfield>
        </datafield>
        <datafield tag="650" ind1=" " ind2="3">
            <subfield code="a">tropical forests</subfield>
        </datafield>
        <datafield tag="650" ind1=" " ind2="3">
            <subfield code="a">species diversity</subfield>
        </datafield>
        <datafield tag="650" ind1=" " ind2="3">
            <subfield code="a">forest trees</subfield>
        </datafield>
        <datafield tag="650" ind1=" " ind2="3">
            <subfield code="a">forest ecology</subfield>
        </datafield>
        <datafield tag="700" ind1="1" ind2=" ">
            <subfield code="a">Ashton, Peter S.</subfield>
            <subfield code="e">author</subfield>
            <subfield code="u">Harvard Institute for International Development, and Department of
                Organismic and Evolutionary Biology, Harvard University, Cambridge, Massachusetts
                02138 USA</subfield>
        </datafield>
        <datafield tag="773" ind1="0" ind2=" ">
            <subfield code="t">Ecological applications.</subfield>
            <subfield code="g">1999 Feb., v. 9, no. 1 p.186-201</subfield>
            <subfield code="d">Ecological Society of America</subfield>
            <subfield code="w">Journal:jnl47193</subfield>
            <subfield code="x">1051-0761</subfield>
            <subfield code="7">nnas</subfield>
        </datafield>
        <datafield tag="787" ind1="1" ind2=" ">
            <subfield code="o">islandora_article_repository</subfield>
        </datafield>
        <datafield tag="787" ind1="1" ind2=" ">
            <subfield code="o">(Journal)jnl47193</subfield>
        </datafield>
        <datafield tag="852" ind1=" " ind2=" ">
            <subfield code="a">DNAL</subfield>
        </datafield>
        <datafield tag="856" ind1="4" ind2="0">
            <subfield code="u"
                >https://dx.doi.org/10.1890/1051-0761(1999)009%5B0186:SEOLCA%5D2.0.CO;2</subfield>
            <subfield code="3">Available from publisher's site</subfield>
        </datafield>
        <datafield tag="912" ind1=" " ind2=" ">
            <subfield code="a">Article</subfield>
        </datafield>
        <datafield tag="914" ind1=" " ind2=" ">
            <subfield code="a">Journal:jnl47193</subfield>
        </datafield>
        <datafield tag="914" ind1=" " ind2=" ">
            <subfield code="f">Ecological applications</subfield>
        </datafield>
        <datafield tag="917" ind1=" " ind2=" ">
            <subfield code="a">reindex</subfield>
        </datafield>
        <datafield tag="918" ind1="2" ind2=" ">
            <subfield code="a">John Wiley &amp; Sons, Inc</subfield>
            <subfield code="e">provider</subfield>
            <subfield code="5">DNAL</subfield>
        </datafield>
        <datafield tag="935" ind1=" " ind2=" ">
            <subfield code="a">IND21979876</subfield>
            <subfield code="9">ExL</subfield>
        </datafield>
        <datafield tag="949" ind1=" " ind2=" ">
            <subfield code="a">2018-03-21</subfield>
        </datafield>
        <datafield tag="953" ind1=" " ind2=" ">
            <subfield code="a">/data/metadata/incoming/wiley/10510761_1999_9_1.xml</subfield>
        </datafield>
        <datafield tag="954" ind1=" " ind2=" ">
            <subfield code="a">file:/data/metadata/staging/wiley/10510761_1999_9_1.xml</subfield>
        </datafield>
        <datafield tag="955" ind1=" " ind2=" ">
            <subfield code="a">/data/metadata/staging/wiley/</subfield>
        </datafield>
        <datafield tag="974" ind1=" " ind2=" ">
            <subfield code="a">agid:2012631</subfield>
        </datafield>
        <datafield tag="983" ind1=" " ind2=" ">
            <subfield code="a">2018-03-21</subfield>
        </datafield>
        <datafield tag="984" ind1=" " ind2=" ">
            <subfield code="a">2018-03-21</subfield>
        </datafield>
        <datafield tag="986" ind1=" " ind2=" ">
            <subfield code="a">3339030</subfield>
        </datafield>
    </record>