
    <record>
        <leader>04679nab a2200529 u 4500</leader>
        <controlfield tag="001">9916299185507426</controlfield>
        <controlfield tag="005">20221118055842.0</controlfield>
        <controlfield tag="008">180321e199905 dcu|||||o|||||||||||eng||</controlfield>
        <datafield tag="016" ind1="7" ind2=" ">
            <subfield code="a">IND21990901</subfield>
            <subfield code="2">DNAL</subfield>
        </datafield>
        <datafield tag="024" ind1="7" ind2=" ">
            <subfield code="a">10.1890/1051-0761(1999)009[0548:PEOHDO]2.0.CO;2</subfield>
            <subfield code="2">doi</subfield>
        </datafield>
        <datafield tag="035" ind1=" " ind2=" ">
            <subfield code="a">agid:2012667-01nal_inst</subfield>
        </datafield>
        <datafield tag="040" ind1=" " ind2=" ">
            <subfield code="a">AGL</subfield>
            <subfield code="b">eng</subfield>
            <subfield code="c">AGL</subfield>
        </datafield>
        <datafield tag="100" ind1="1" ind2=" ">
            <subfield code="a">Laurance, William F.</subfield>
            <subfield code="e">author</subfield>
            <subfield code="u">Biological Dynamics of Forest Fragments Project, National Institute
                for Research in the Amazon, C.P. 478, Manaus, AM 69011-970 Brazil; Biodiversity
                Program, National Museum of Natural History, Smithsonian Institution, Washington,
                D.C. 20560 USA</subfield>
        </datafield>
        <datafield tag="245" ind1="1" ind2="0">
            <subfield code="a">Predicting effects of habitat destruction on plant communities: a
                test of a model using amazonian trees</subfield>
        </datafield>
        <datafield tag="300" ind1=" " ind2=" ">
            <subfield code="a">p. 548-554.</subfield>
        </datafield>
        <datafield tag="500" ind1=" " ind2=" ">
            <subfield code="a">JOURNAL ARTICLE</subfield>
        </datafield>
        <datafield tag="500" ind1=" " ind2=" ">
            <subfield code="a">2019-12-04</subfield>
        </datafield>
        <datafield tag="520" ind1=" " ind2=" ">
            <subfield code="a">We devised a “random‐clearing model” to predict effects of habitat
                loss on plant communities and populations. The model yields the probability that a
                species will be extirpated by land clearing, based on only two parameters: its
                density and the percentage of the landscape that has been cleared. It can also be
                used to predict species richness of plant communities following clearing, so long as
                densities of individual species are known. We tested the model using data on the
                distributions of 200 tree species (≥10 cm dbh) within two 9‐ha experimental
                landscapes in central Amazonia. Deforestation levels ranging from 20% to 99% of the
                landscape were simulated randomly, with the actual persistence of each species being
                the number of times it remained in the landscape after 1000 runs. The model was
                effective in all cases, explaining 83–99% of the total variability in species
                persistence on each plot. Species’ distribution patterns explained some residual
                variation in persistence but were of negligible importance compared to the
                predictions of the model. We also used the model to predict species richness,
                simulating both random and realistically contagious patterns of deforestation.
                Again, the model was highly effective, explaining 96% to 98% of the total variation
                in richness. Surprisingly, there was little difference in richness between random
                and contagious clearing patterns. These results suggest that, at least at the
                limited spatial scale of our analysis, the effects of deforestation on plant
                persistence and richness can be predicted using a simple model that assumes random
                species distributions and deforestation patterns. The model makes four predictions:
                (1) Density has an overriding influence on the susceptibility of species to
                clearing, while distribution patterns are usually of much lesser importance. (2) The
                relationship between density and persistence is nonlinear. (3) Rare species (≤1
                tree/ha) become exceptionally vulnerable in heavily degraded landscapes and in small
                forest remnants. (4) The distinction between high (e.g., 95%) and very high (e.g.,
                99%) levels of habitat clearing in terms of species persistence is often
                dramatic.</subfield>
        </datafield>
        <datafield tag="592" ind1=" " ind2=" ">
            <subfield code="a">Publisher supplied data</subfield>
        </datafield>
        <datafield tag="650" ind1=" " ind2="3">
            <subfield code="a">simulation models</subfield>
        </datafield>
        <datafield tag="650" ind1=" " ind2="3">
            <subfield code="a">forest trees</subfield>
        </datafield>
        <datafield tag="650" ind1=" " ind2="3">
            <subfield code="a">tropical forests</subfield>
        </datafield>
        <datafield tag="650" ind1=" " ind2="3">
            <subfield code="a">deforestation</subfield>
        </datafield>
        <datafield tag="650" ind1=" " ind2="3">
            <subfield code="a">community ecology</subfield>
        </datafield>
        <datafield tag="650" ind1=" " ind2="3">
            <subfield code="a">forest ecology</subfield>
        </datafield>
        <datafield tag="653" ind1=" " ind2="0">
            <subfield code="a">mathematical models</subfield>
        </datafield>
        <datafield tag="700" ind1="1" ind2=" ">
            <subfield code="a">Gascon, Claude</subfield>
            <subfield code="e">author</subfield>
            <subfield code="u">Biological Dynamics of Forest Fragments Project, National Institute
                for Research in the Amazon, C.P. 478, Manaus, AM 69011-970 Brazil; Biodiversity
                Program, National Museum of Natural History, Smithsonian Institution, Washington,
                D.C. 20560 USA</subfield>
        </datafield>
        <datafield tag="700" ind1="1" ind2=" ">
            <subfield code="a">Rankin-de Merona, Judy M.</subfield>
            <subfield code="e">author</subfield>
            <subfield code="u">Biological Dynamics of Forest Fragments Project, National Institute
                for Research in the Amazon, C.P. 478, Manaus, AM 69011-970 Brazil</subfield>
        </datafield>
        <datafield tag="773" ind1="0" ind2=" ">
            <subfield code="t">Ecological applications.</subfield>
            <subfield code="g">1999 May, v. 9, no. 2 p.548-554</subfield>
            <subfield code="d">Ecological Society of America</subfield>
            <subfield code="w">Journal:jnl47193</subfield>
            <subfield code="x">1051-0761</subfield>
            <subfield code="7">nnas</subfield>
        </datafield>
        <datafield tag="787" ind1="1" ind2=" ">
            <subfield code="o">islandora_article_repository</subfield>
        </datafield>
        <datafield tag="787" ind1="1" ind2=" ">
            <subfield code="o">(Journal)jnl47193</subfield>
        </datafield>
        <datafield tag="852" ind1=" " ind2=" ">
            <subfield code="a">DNAL</subfield>
        </datafield>
        <datafield tag="856" ind1="4" ind2="0">
            <subfield code="u"
                >https://dx.doi.org/10.1890/1051-0761(1999)009%5B0548:PEOHDO%5D2.0.CO;2</subfield>
            <subfield code="3">Available from publisher's site</subfield>
        </datafield>
        <datafield tag="912" ind1=" " ind2=" ">
            <subfield code="a">Article</subfield>
        </datafield>
        <datafield tag="914" ind1=" " ind2=" ">
            <subfield code="a">Journal:jnl47193</subfield>
        </datafield>
        <datafield tag="914" ind1=" " ind2=" ">
            <subfield code="f">Ecological applications</subfield>
        </datafield>
        <datafield tag="917" ind1=" " ind2=" ">
            <subfield code="a">reindex</subfield>
        </datafield>
        <datafield tag="918" ind1="2" ind2=" ">
            <subfield code="a">John Wiley &amp; Sons, Inc</subfield>
            <subfield code="e">provider</subfield>
            <subfield code="5">DNAL</subfield>
        </datafield>
        <datafield tag="935" ind1=" " ind2=" ">
            <subfield code="a">IND21990901</subfield>
            <subfield code="9">ExL</subfield>
        </datafield>
        <datafield tag="949" ind1=" " ind2=" ">
            <subfield code="a">2018-03-21</subfield>
        </datafield>
        <datafield tag="953" ind1=" " ind2=" ">
            <subfield code="a">/data/metadata/incoming/wiley/10510761_1999_9_2.xml</subfield>
        </datafield>
        <datafield tag="954" ind1=" " ind2=" ">
            <subfield code="a">file:/data/metadata/staging/wiley/10510761_1999_9_2.xml</subfield>
        </datafield>
        <datafield tag="955" ind1=" " ind2=" ">
            <subfield code="a">/data/metadata/staging/wiley/</subfield>
        </datafield>
        <datafield tag="974" ind1=" " ind2=" ">
            <subfield code="a">agid:2012667</subfield>
        </datafield>
        <datafield tag="983" ind1=" " ind2=" ">
            <subfield code="a">2018-03-21</subfield>
        </datafield>
        <datafield tag="984" ind1=" " ind2=" ">
            <subfield code="a">2018-03-21</subfield>
        </datafield>
        <datafield tag="986" ind1=" " ind2=" ">
            <subfield code="a">3349291</subfield>
        </datafield>
    </record>