
    <record>
        <leader>05388nab a2200733 u 4500</leader>
        <controlfield tag="001">9916299299007426</controlfield>
        <controlfield tag="005">20221118061345.0</controlfield>
        <controlfield tag="008">190411e201504 xx |||||o|||||||||||eng||</controlfield>
        <datafield tag="016" ind1="7" ind2=" ">
            <subfield code="a">IND605434945</subfield>
            <subfield code="2">DNAL</subfield>
        </datafield>
        <datafield tag="024" ind1="7" ind2=" ">
            <subfield code="a">10.1016/j.ympev.2015.01.006</subfield>
            <subfield code="2">doi</subfield>
        </datafield>
        <datafield tag="035" ind1=" " ind2=" ">
            <subfield code="a">agid:5434945-01nal_inst</subfield>
        </datafield>
        <datafield tag="040" ind1=" " ind2=" ">
            <subfield code="a">AGL</subfield>
            <subfield code="b">eng</subfield>
            <subfield code="c">AGL</subfield>
        </datafield>
        <datafield tag="100" ind1="1" ind2=" ">
            <subfield code="a">Soliani, Carolina</subfield>
            <subfield code="e">author</subfield>
            <subfield code="u">Instituto Nacional de Tecnología Agropecuaria – EEA Bariloche,
                Modesta Victoria 4450, 8400 Bariloche, Argentina</subfield>
        </datafield>
        <datafield tag="245" ind1="1" ind2="0">
            <subfield code="a">Halfway encounters: Meeting points of colonization routes among the
                southern beeches Nothofagus pumilio and N. antarctica</subfield>
        </datafield>
        <datafield tag="300" ind1=" " ind2=" ">
            <subfield code="a">p. 197-207.</subfield>
        </datafield>
        <datafield tag="520" ind1=" " ind2=" ">
            <subfield code="a">The Patagonian region is characterized by a complex biogeographic
                history, with evidence of deep phylogeographic breaks shared among species. Of
                particular interest to conservation is the nature of colonization and settlement
                patterns after the last glacial period, including the detection of secondary contact
                between different lineages and/or hybridization among related species around
                phylogeographic breaks. Here we studied population demography and past hybridization
                of two widespread tree species endemic to South America, Nothofagus pumilio and N.
                antarctica.Using 8 nuclear microsatellites we genotyped 41 populations of both
                species. Genetic variation and structure across the geographic region were evaluated
                within and among species and the past demographic history of hybridization between
                the two species was inferred using Approximate Bayesian Computation (ABC).Northern
                and southern lineages were identified in each species, and Bayesian clustering
                revealed their convergence at mid latitudes (42°S). Spatial genetic structure (SGS)
                also indicated the existence of a genetic discontinuity at these latitudes, which is
                in agreement with previous data from maternal DNA markers. Several populations
                around 42–44°S presented high levels of genetic diversity with a decrease toward
                southern populations. Even though the species are clearly differentiated
                (G’ST=0.335), admixed gene pools were observed in both species. Two independent runs
                of ABC suggested that inter species admixture-like patterns occurred within the
                timescale of the Last Glacial Maximum (around 20,000 BP). We also provide evidences
                of recent and bi-directional hybridization/introgression between the two Nothofagus
                species and describe features of the populationś demography in the past. The
                settlement of a secondary contact zone in Nothofagus species around 42–44°S
                coincides with the phylogeographic breaks and hotspots of genetic diversity found in
                other plant and animal species in Patagonia, highlighting its importance as
                reservoir of diversity. The characterization of the population history of native
                species can contribute substantially to long-term conservation and management
                policies.</subfield>
        </datafield>
        <datafield tag="592" ind1=" " ind2=" ">
            <subfield code="a">Publisher supplied data</subfield>
        </datafield>
        <datafield tag="593" ind1=" " ind2=" ">
            <subfield code="a">PubAg article</subfield>
        </datafield>
        <datafield tag="650" ind1=" " ind2="3">
            <subfield code="a">Bayesian theory</subfield>
        </datafield>
        <datafield tag="650" ind1=" " ind2="3">
            <subfield code="a">Nothofagus pumilio</subfield>
        </datafield>
        <datafield tag="650" ind1=" " ind2="3">
            <subfield code="a">animals</subfield>
        </datafield>
        <datafield tag="650" ind1=" " ind2="3">
            <subfield code="a">demography</subfield>
        </datafield>
        <datafield tag="650" ind1=" " ind2="3">
            <subfield code="a">gene pool</subfield>
        </datafield>
        <datafield tag="650" ind1=" " ind2="3">
            <subfield code="a">genetic markers</subfield>
        </datafield>
        <datafield tag="650" ind1=" " ind2="3">
            <subfield code="a">genetic variation</subfield>
        </datafield>
        <datafield tag="650" ind1=" " ind2="3">
            <subfield code="a">indigenous species</subfield>
        </datafield>
        <datafield tag="650" ind1=" " ind2="3">
            <subfield code="a">introgression</subfield>
        </datafield>
        <datafield tag="650" ind1=" " ind2="3">
            <subfield code="a">issues and policy</subfield>
        </datafield>
        <datafield tag="650" ind1=" " ind2="3">
            <subfield code="a">latitude</subfield>
        </datafield>
        <datafield tag="650" ind1=" " ind2="3">
            <subfield code="a">microsatellite repeats</subfield>
        </datafield>
        <datafield tag="650" ind1=" " ind2="3">
            <subfield code="a">phylogeography</subfield>
        </datafield>
        <datafield tag="650" ind1=" " ind2="3">
            <subfield code="a">secondary contact</subfield>
        </datafield>
        <datafield tag="650" ind1=" " ind2="3">
            <subfield code="a">trees</subfield>
        </datafield>
        <datafield tag="651" ind1=" " ind2="3">
            <subfield code="a">Argentina</subfield>
        </datafield>
        <datafield tag="653" ind1=" " ind2="0">
            <subfield code="a">Secondary contact zone</subfield>
        </datafield>
        <datafield tag="653" ind1=" " ind2="0">
            <subfield code="a">Phylogeography</subfield>
        </datafield>
        <datafield tag="653" ind1=" " ind2="0">
            <subfield code="a">Hybridization</subfield>
        </datafield>
        <datafield tag="653" ind1=" " ind2="0">
            <subfield code="a">Patagonian temperate forests</subfield>
        </datafield>
        <datafield tag="653" ind1=" " ind2="0">
            <subfield code="a">nSSRs</subfield>
        </datafield>
        <datafield tag="653" ind1=" " ind2="0">
            <subfield code="a">ABC</subfield>
        </datafield>
        <datafield tag="700" ind1="1" ind2=" ">
            <subfield code="a">Tsuda, Yoshiaki</subfield>
            <subfield code="e">author</subfield>
            <subfield code="u">Department of Ecology and Genetics, Evolutionary Biology Centre,
                Uppsala University, Norbyvägen 18D, 75236 Uppsala, Sweden</subfield>
        </datafield>
        <datafield tag="700" ind1="1" ind2=" ">
            <subfield code="a">Bagnoli, Francesca</subfield>
            <subfield code="e">author</subfield>
            <subfield code="u">Institute for Sustainable Plant Protection, National Research
                Council, Via Madonna del Piano 10, 50019 Sesto Fiorentino (Firenze),
                Italy</subfield>
        </datafield>
        <datafield tag="700" ind1="1" ind2=" ">
            <subfield code="a">Gallo, Leonardo A.</subfield>
            <subfield code="e">author</subfield>
            <subfield code="u">Instituto Nacional de Tecnología Agropecuaria – EEA Bariloche,
                Modesta Victoria 4450, 8400 Bariloche, Argentina</subfield>
        </datafield>
        <datafield tag="700" ind1="1" ind2=" ">
            <subfield code="a">Vendramin, Giovanni G.</subfield>
            <subfield code="e">author</subfield>
            <subfield code="u">Institute of Biosciences and Bioresources, National Research Council,
                Via Madonna del Piano 10, 50019 Sesto Fiorentino (Firenze), Italy</subfield>
        </datafield>
        <datafield tag="700" ind1="1" ind2=" ">
            <subfield code="a">Marchelli, Paula</subfield>
            <subfield code="e">author</subfield>
            <subfield code="u">Instituto Nacional de Tecnología Agropecuaria – EEA Bariloche,
                Modesta Victoria 4450, 8400 Bariloche, Argentina</subfield>
        </datafield>
        <datafield tag="773" ind1="0" ind2=" ">
            <subfield code="t">Molecular phylogenetics and evolution.</subfield>
            <subfield code="g">2015 Apr., v. 85 p.197-207</subfield>
            <subfield code="d">Elsevier Inc.</subfield>
            <subfield code="w">Journal:jnl3945168</subfield>
            <subfield code="x">1055-7903</subfield>
            <subfield code="7">nnas</subfield>
        </datafield>
        <datafield tag="787" ind1="1" ind2=" ">
            <subfield code="o">islandora_article_repository</subfield>
        </datafield>
        <datafield tag="787" ind1="1" ind2=" ">
            <subfield code="o">product_pubag</subfield>
        </datafield>
        <datafield tag="787" ind1="1" ind2=" ">
            <subfield code="o">(Journal)jnl3945168</subfield>
        </datafield>
        <datafield tag="856" ind1="4" ind2="0">
            <subfield code="u">https://dx.doi.org/10.1016/j.ympev.2015.01.006</subfield>
            <subfield code="3">Available from publisher's site</subfield>
        </datafield>
        <datafield tag="912" ind1=" " ind2=" ">
            <subfield code="a">Article</subfield>
        </datafield>
        <datafield tag="914" ind1=" " ind2=" ">
            <subfield code="a">Journal:jnl3945168</subfield>
            <subfield code="b">1055-7903</subfield>
            <subfield code="c">85</subfield>
            <subfield code="e">197</subfield>
        </datafield>
        <datafield tag="914" ind1=" " ind2=" ">
            <subfield code="f">Molecular phylogenetics and evolution</subfield>
        </datafield>
        <datafield tag="916" ind1=" " ind2=" ">
            <subfield code="a">Batch:1513</subfield>
        </datafield>
        <datafield tag="917" ind1=" " ind2=" ">
            <subfield code="a">issued</subfield>
        </datafield>
        <datafield tag="918" ind1="2" ind2=" ">
            <subfield code="a">Elsevier Consyn</subfield>
            <subfield code="e">provider</subfield>
            <subfield code="5">DNAL</subfield>
        </datafield>
        <datafield tag="935" ind1=" " ind2=" ">
            <subfield code="a">IND605434945</subfield>
            <subfield code="9">ExL</subfield>
        </datafield>
        <datafield tag="949" ind1=" " ind2=" ">
            <subfield code="a">2019-04-11</subfield>
        </datafield>
        <datafield tag="953" ind1=" " ind2=" ">
            <subfield code="a"
                >/data/metadata/incoming/consyn-backfiles/46-2-00093-HEAD-ONLY.zip</subfield>
        </datafield>
        <datafield tag="954" ind1=" " ind2=" ">
            <subfield code="a"
                >file:/data/metadata/staging/consyn-backfiles/S105579031500010X.xml</subfield>
        </datafield>
        <datafield tag="955" ind1=" " ind2=" ">
            <subfield code="a">/data/metadata/staging/consyn-backfiles/</subfield>
        </datafield>
        <datafield tag="974" ind1=" " ind2=" ">
            <subfield code="a">agid:5434945</subfield>
        </datafield>
        <datafield tag="983" ind1=" " ind2=" ">
            <subfield code="a">2019-04-11</subfield>
        </datafield>
        <datafield tag="984" ind1=" " ind2=" ">
            <subfield code="a">2019-04-11</subfield>
        </datafield>
    </record>