
    <record>
        <leader>05325nab a2200745 u 4500</leader>
        <controlfield tag="001">9916299300607426</controlfield>
        <controlfield tag="005">20221118061508.0</controlfield>
        <controlfield tag="008">190411e201504 xx |||||o|||||||||||eng||</controlfield>
        <datafield tag="016" ind1="7" ind2=" ">
            <subfield code="a">IND605434957</subfield>
            <subfield code="2">DNAL</subfield>
        </datafield>
        <datafield tag="024" ind1="7" ind2=" ">
            <subfield code="a">10.1016/j.ympev.2015.02.004</subfield>
            <subfield code="2">doi</subfield>
        </datafield>
        <datafield tag="035" ind1=" " ind2=" ">
            <subfield code="a">agid:5434957-01nal_inst</subfield>
        </datafield>
        <datafield tag="040" ind1=" " ind2=" ">
            <subfield code="a">AGL</subfield>
            <subfield code="b">eng</subfield>
            <subfield code="c">AGL</subfield>
        </datafield>
        <datafield tag="100" ind1="1" ind2=" ">
            <subfield code="a">Rocha, Tainá C.</subfield>
            <subfield code="e">author</subfield>
            <subfield code="u">Laboratório de Evolução, Instituto de Estudos Costeiros, Universidade
                Federal do Pará, Bragança, PA 68600-000, Brazil</subfield>
        </datafield>
        <datafield tag="245" ind1="1" ind2="0">
            <subfield code="a">Molecular phylogeny and diversification of a widespread Neotropical
                rainforest bird group: The Buff-throated Woodcreeper complex, Xiphorhynchus
                guttatus/susurrans (Aves: Dendrocolaptidae)</subfield>
        </datafield>
        <datafield tag="300" ind1=" " ind2=" ">
            <subfield code="a">p. 131-140.</subfield>
        </datafield>
        <datafield tag="520" ind1=" " ind2=" ">
            <subfield code="a">The genus Xiphorhynchus is a species rich avian group widely
                distributed in Neotropical forests of Central and South America. Although recent
                molecular studies have improved our understanding of the spatial patterns of genetic
                diversity in some species of this genus, most are still poorly known, including
                their taxonomy. Here, we address the historical diversification and phylogenetic
                relationships of the X. guttatus/susurrans complex, using data from two
                mitochondrial (cyt b and ND2) and one nuclear (β-fibint7) genes. Phylogenetic
                relationships were inferred with both gene trees and a Bayesian-based species tree
                under a coalescent framework (∗BEAST). With exception of the nuclear β-fibint7 gene
                that produced an unresolved tree, both mtDNA and the species tree showed a similar
                topology and were congruent in recovering five main clades with high statistical
                support. These clades, however, are not fully concordant with traditional
                delimitation of some X. guttatus subspecies, since X. g. polystictus, X. g.
                guttatus, and X. g. connectens are not supported as distinct clades. Interestingly,
                these three taxa are more closely related to the mostly trans-Andean X. susurrans
                than the other southern and western Amazonian subspecies of X. guttatus, which
                constitutes a paraphyletic species. Timing estimates based on the species tree
                indicated that diversification in X. guttatus occurred between the end of the
                Pliocene and early Pleistocene, likely associated with the formation of the modern
                Amazon River and its main southern tributaries (Xingu, Tocantins, and Madeira), in
                addition to climate-induced changes in the distribution of rainforest biomes. Our
                study supports with an enlarged dataset a previous proposal for recognizing at least
                three species level taxa in the X. guttatus/susurrans complex: X. susurrans, X.
                guttatus, and X. guttatoides.</subfield>
        </datafield>
        <datafield tag="592" ind1=" " ind2=" ">
            <subfield code="a">Publisher supplied data</subfield>
        </datafield>
        <datafield tag="593" ind1=" " ind2=" ">
            <subfield code="a">PubAg article</subfield>
        </datafield>
        <datafield tag="650" ind1=" " ind2="3">
            <subfield code="a">Coltricia</subfield>
        </datafield>
        <datafield tag="650" ind1=" " ind2="3">
            <subfield code="a">Xiphorhynchus</subfield>
        </datafield>
        <datafield tag="650" ind1=" " ind2="3">
            <subfield code="a">birds</subfield>
        </datafield>
        <datafield tag="650" ind1=" " ind2="3">
            <subfield code="a">data collection</subfield>
        </datafield>
        <datafield tag="650" ind1=" " ind2="3">
            <subfield code="a">ecosystems</subfield>
        </datafield>
        <datafield tag="650" ind1=" " ind2="3">
            <subfield code="a">genes</subfield>
        </datafield>
        <datafield tag="650" ind1=" " ind2="3">
            <subfield code="a">genetic variation</subfield>
        </datafield>
        <datafield tag="650" ind1=" " ind2="3">
            <subfield code="a">mitochondria</subfield>
        </datafield>
        <datafield tag="650" ind1=" " ind2="3">
            <subfield code="a">mitochondrial DNA</subfield>
        </datafield>
        <datafield tag="650" ind1=" " ind2="3">
            <subfield code="a">paraphyly</subfield>
        </datafield>
        <datafield tag="650" ind1=" " ind2="3">
            <subfield code="a">rain forests</subfield>
        </datafield>
        <datafield tag="650" ind1=" " ind2="3">
            <subfield code="a">taxonomy</subfield>
        </datafield>
        <datafield tag="650" ind1=" " ind2="3">
            <subfield code="a">topology</subfield>
        </datafield>
        <datafield tag="650" ind1=" " ind2="3">
            <subfield code="a">tropical forests</subfield>
        </datafield>
        <datafield tag="650" ind1=" " ind2="3">
            <subfield code="a">tropics</subfield>
        </datafield>
        <datafield tag="651" ind1=" " ind2="3">
            <subfield code="a">Amazon River</subfield>
        </datafield>
        <datafield tag="651" ind1=" " ind2="3">
            <subfield code="a">Brazil</subfield>
        </datafield>
        <datafield tag="653" ind1=" " ind2="0">
            <subfield code="a">Biogeography</subfield>
        </datafield>
        <datafield tag="653" ind1=" " ind2="0">
            <subfield code="a">Neotropics</subfield>
        </datafield>
        <datafield tag="653" ind1=" " ind2="0">
            <subfield code="a">Phylogeography</subfield>
        </datafield>
        <datafield tag="653" ind1=" " ind2="0">
            <subfield code="a">Taxonomy</subfield>
        </datafield>
        <datafield tag="653" ind1=" " ind2="0">
            <subfield code="a">Species tree</subfield>
        </datafield>
        <datafield tag="700" ind1="1" ind2=" ">
            <subfield code="a">Sequeira, Fernando</subfield>
            <subfield code="e">author</subfield>
            <subfield code="u">CIBIO-InBIO, Centro de Investigação em Biodiversidade e Recursos
                Genéticos, Campus Agrário de Vairão, Universidade do Porto, Vairão 4485-661,
                Portugal</subfield>
        </datafield>
        <datafield tag="700" ind1="1" ind2=" ">
            <subfield code="a">Aleixo, Alexandre</subfield>
            <subfield code="e">author</subfield>
            <subfield code="u">Coordenação de Zoologia, Museu Paraense Emílio Goeldi, Caixa Postal
                399, Belém, PA 66040-170, Brazil</subfield>
        </datafield>
        <datafield tag="700" ind1="1" ind2=" ">
            <subfield code="a">Rêgo, Péricles S.</subfield>
            <subfield code="e">author</subfield>
            <subfield code="u">Laboratório de Genética e Biologia Molecular, Instituto de Estudos
                Costeiros, Universidade Federal do Pará, Bragança, PA 68600-000, Brazil</subfield>
        </datafield>
        <datafield tag="700" ind1="1" ind2=" ">
            <subfield code="a">Sampaio, Iracilda</subfield>
            <subfield code="e">author</subfield>
            <subfield code="u">Laboratório de Genética e Biologia Molecular, Instituto de Estudos
                Costeiros, Universidade Federal do Pará, Bragança, PA 68600-000, Brazil</subfield>
        </datafield>
        <datafield tag="700" ind1="1" ind2=" ">
            <subfield code="a">Schneider, Horacio</subfield>
            <subfield code="e">author</subfield>
            <subfield code="u">Laboratório de Genética e Biologia Molecular, Instituto de Estudos
                Costeiros, Universidade Federal do Pará, Bragança, PA 68600-000, Brazil</subfield>
        </datafield>
        <datafield tag="700" ind1="1" ind2=" ">
            <subfield code="a">Vallinoto, Marcelo</subfield>
            <subfield code="e">author</subfield>
            <subfield code="u">Laboratório de Evolução, Instituto de Estudos Costeiros, Universidade
                Federal do Pará, Bragança, PA 68600-000, Brazil</subfield>
            <subfield code="1">https://orcid.org/0000-0002-3465-3830</subfield>
        </datafield>
        <datafield tag="773" ind1="0" ind2=" ">
            <subfield code="t">Molecular phylogenetics and evolution.</subfield>
            <subfield code="g">2015 Apr., v. 85 p.131-140</subfield>
            <subfield code="d">Elsevier Inc.</subfield>
            <subfield code="w">Journal:jnl3945168</subfield>
            <subfield code="x">1055-7903</subfield>
            <subfield code="7">nnas</subfield>
        </datafield>
        <datafield tag="787" ind1="1" ind2=" ">
            <subfield code="o">islandora_article_repository</subfield>
        </datafield>
        <datafield tag="787" ind1="1" ind2=" ">
            <subfield code="o">product_pubag</subfield>
        </datafield>
        <datafield tag="787" ind1="1" ind2=" ">
            <subfield code="o">(Journal)jnl3945168</subfield>
        </datafield>
        <datafield tag="856" ind1="4" ind2="0">
            <subfield code="u">https://dx.doi.org/10.1016/j.ympev.2015.02.004</subfield>
            <subfield code="3">Available from publisher's site</subfield>
        </datafield>
        <datafield tag="912" ind1=" " ind2=" ">
            <subfield code="a">Article</subfield>
        </datafield>
        <datafield tag="914" ind1=" " ind2=" ">
            <subfield code="a">Journal:jnl3945168</subfield>
            <subfield code="b">1055-7903</subfield>
            <subfield code="c">85</subfield>
            <subfield code="e">131</subfield>
        </datafield>
        <datafield tag="914" ind1=" " ind2=" ">
            <subfield code="f">Molecular phylogenetics and evolution</subfield>
        </datafield>
        <datafield tag="916" ind1=" " ind2=" ">
            <subfield code="a">Batch:1513</subfield>
        </datafield>
        <datafield tag="917" ind1=" " ind2=" ">
            <subfield code="a">issued</subfield>
        </datafield>
        <datafield tag="918" ind1="2" ind2=" ">
            <subfield code="a">Elsevier Consyn</subfield>
            <subfield code="e">provider</subfield>
            <subfield code="5">DNAL</subfield>
        </datafield>
        <datafield tag="935" ind1=" " ind2=" ">
            <subfield code="a">IND605434957</subfield>
            <subfield code="9">ExL</subfield>
        </datafield>
        <datafield tag="949" ind1=" " ind2=" ">
            <subfield code="a">2019-04-11</subfield>
        </datafield>
        <datafield tag="953" ind1=" " ind2=" ">
            <subfield code="a"
                >/data/metadata/incoming/consyn-backfiles/46-2-00093-HEAD-ONLY.zip</subfield>
        </datafield>
        <datafield tag="954" ind1=" " ind2=" ">
            <subfield code="a"
                >file:/data/metadata/staging/consyn-backfiles/S1055790315000329.xml</subfield>
        </datafield>
        <datafield tag="955" ind1=" " ind2=" ">
            <subfield code="a">/data/metadata/staging/consyn-backfiles/</subfield>
        </datafield>
        <datafield tag="974" ind1=" " ind2=" ">
            <subfield code="a">agid:5434957</subfield>
        </datafield>
        <datafield tag="983" ind1=" " ind2=" ">
            <subfield code="a">2019-04-11</subfield>
        </datafield>
        <datafield tag="984" ind1=" " ind2=" ">
            <subfield code="a">2019-04-11</subfield>
        </datafield>
    </record>