
    <record>
        <leader>03978nab a2200661 u 4500</leader>
        <controlfield tag="001">9916299465107426</controlfield>
        <controlfield tag="005">20221118061245.0</controlfield>
        <controlfield tag="008">210519e20200710xx |||||o|||||||||||eng||</controlfield>
        <datafield tag="016" ind1="7" ind2=" ">
            <subfield code="a">IND606883320</subfield>
            <subfield code="2">DNAL</subfield>
        </datafield>
        <datafield tag="024" ind1="7" ind2=" ">
            <subfield code="a">10.1016/j.scitotenv.2020.138448</subfield>
            <subfield code="2">doi</subfield>
        </datafield>
        <datafield tag="035" ind1=" " ind2=" ">
            <subfield code="a">agid:6883320-01nal_inst</subfield>
        </datafield>
        <datafield tag="040" ind1=" " ind2=" ">
            <subfield code="a">AGL</subfield>
            <subfield code="b">eng</subfield>
            <subfield code="c">AGL</subfield>
        </datafield>
        <datafield tag="100" ind1="1" ind2=" ">
            <subfield code="a">Brown, Christopher J.</subfield>
            <subfield code="e">author</subfield>
            <subfield code="u">Australian Rivers Institute – Coasts and Estuaries, School of
                Environment and Science, Griffith University, Nathan 4111, Australia</subfield>
            <subfield code="1">https://orcid.org/0000-0002-7271-4091</subfield>
        </datafield>
        <datafield tag="245" ind1="1" ind2="0">
            <subfield code="a">Salmon abundance and patterns of forest greenness as measured by
                satellite imagery</subfield>
        </datafield>
        <datafield tag="520" ind1=" " ind2=" ">
            <subfield code="a">Linkages across ecosystems can shape productivity. Salmon carcasses
                are exemplary of cross-system linkages, because they can fertilize riparian
                vegetation and shape patterns of terrestrial biodiversity. Detection of salmon
                fertilization effects has been confined to field-based studies that are limited in
                scale. Here we use satellite images to quantify the effects of salmon on greenness
                of riparian vegetation. We measure tree greenness across spatial and temporal
                gradients of salmon fertilization effects in two regions. In the first case study,
                we find that deciduous trees are greener in years following large salmon spawning
                events, and that the magnitude of this effect was related to the specific abundance
                of spawning salmon. In the second case study we compare greenness of mixed evergreen
                and deciduous forests across different watersheds that have different salmon
                spawning densities. We found greenness was related positively to salmon spawning
                density near streams with high evergreen cover and flat stream banks. These findings
                suggest that the effect of salmon carcasses on riparian vegetation may be detectable
                from space. Further work on this approach, especially with high spatial, temporal
                and spectral data, may allow estimation of the spatial extent of nutrient enrichment
                from salmon carcasses and aid ecosystem-based management to protect important
                ecosystem linkages.</subfield>
        </datafield>
        <datafield tag="592" ind1=" " ind2=" ">
            <subfield code="a">Publisher supplied data</subfield>
        </datafield>
        <datafield tag="593" ind1=" " ind2=" ">
            <subfield code="a">PubAg article</subfield>
        </datafield>
        <datafield tag="650" ind1=" " ind2="3">
            <subfield code="a">biodiversity</subfield>
        </datafield>
        <datafield tag="650" ind1=" " ind2="3">
            <subfield code="a">case studies</subfield>
        </datafield>
        <datafield tag="650" ind1=" " ind2="3">
            <subfield code="a">deciduous forests</subfield>
        </datafield>
        <datafield tag="650" ind1=" " ind2="3">
            <subfield code="a">ecosystem management</subfield>
        </datafield>
        <datafield tag="650" ind1=" " ind2="3">
            <subfield code="a">ecosystems</subfield>
        </datafield>
        <datafield tag="650" ind1=" " ind2="3">
            <subfield code="a">image analysis</subfield>
        </datafield>
        <datafield tag="650" ind1=" " ind2="3">
            <subfield code="a">remote sensing</subfield>
        </datafield>
        <datafield tag="650" ind1=" " ind2="3">
            <subfield code="a">riparian areas</subfield>
        </datafield>
        <datafield tag="650" ind1=" " ind2="3">
            <subfield code="a">riparian vegetation</subfield>
        </datafield>
        <datafield tag="650" ind1=" " ind2="3">
            <subfield code="a">salmon</subfield>
        </datafield>
        <datafield tag="650" ind1=" " ind2="3">
            <subfield code="a">spawning</subfield>
        </datafield>
        <datafield tag="650" ind1=" " ind2="3">
            <subfield code="a">spectral analysis</subfield>
        </datafield>
        <datafield tag="650" ind1=" " ind2="3">
            <subfield code="a">streams</subfield>
        </datafield>
        <datafield tag="650" ind1=" " ind2="3">
            <subfield code="a">trees</subfield>
        </datafield>
        <datafield tag="650" ind1=" " ind2="3">
            <subfield code="a">watersheds</subfield>
        </datafield>
        <datafield tag="653" ind1=" " ind2="0">
            <subfield code="a">Nutrient flows</subfield>
        </datafield>
        <datafield tag="653" ind1=" " ind2="0">
            <subfield code="a">Ecosystem-based management</subfield>
        </datafield>
        <datafield tag="653" ind1=" " ind2="0">
            <subfield code="a">NDVI</subfield>
        </datafield>
        <datafield tag="653" ind1=" " ind2="0">
            <subfield code="a">Diadromous fish</subfield>
        </datafield>
        <datafield tag="700" ind1="1" ind2=" ">
            <subfield code="a">Parker, Brett</subfield>
            <subfield code="e">author</subfield>
            <subfield code="u">Australian Rivers Institute, Griffith University, Nathan 4111,
                Australia</subfield>
        </datafield>
        <datafield tag="700" ind1="1" ind2=" ">
            <subfield code="a">Hocking, Morgan D.</subfield>
            <subfield code="e">author</subfield>
            <subfield code="u">Ecofish Research Ltd., Victoria, BC, Canada</subfield>
        </datafield>
        <datafield tag="700" ind1="1" ind2=" ">
            <subfield code="a">Reynolds, John D.</subfield>
            <subfield code="e">author</subfield>
            <subfield code="u">Earth to Ocean Research Group, Department of Biological Sciences,
                Simon Fraser University, 8888 University Drive, Burnaby, BC V5A 1S6,
                Canada</subfield>
        </datafield>
        <datafield tag="773" ind1="0" ind2=" ">
            <subfield code="t">Science of the total environment.</subfield>
            <subfield code="g">2020 July 10, v. 725 p.138448-</subfield>
            <subfield code="d">Elsevier B.V.</subfield>
            <subfield code="w">Journal:jnl4455</subfield>
            <subfield code="x">0048-9697</subfield>
            <subfield code="7">nnas</subfield>
        </datafield>
        <datafield tag="787" ind1="1" ind2=" ">
            <subfield code="o">islandora_article_repository</subfield>
        </datafield>
        <datafield tag="787" ind1="1" ind2=" ">
            <subfield code="o">product_pubag</subfield>
        </datafield>
        <datafield tag="787" ind1="1" ind2=" ">
            <subfield code="o">(Journal)jnl4455</subfield>
        </datafield>
        <datafield tag="856" ind1="4" ind2="0">
            <subfield code="u">https://dx.doi.org/10.1016/j.scitotenv.2020.138448</subfield>
            <subfield code="3">Available from publisher's site</subfield>
        </datafield>
        <datafield tag="912" ind1=" " ind2=" ">
            <subfield code="a">Article</subfield>
        </datafield>
        <datafield tag="914" ind1=" " ind2=" ">
            <subfield code="a">Journal:jnl4455</subfield>
            <subfield code="b">0048-9697</subfield>
            <subfield code="e">138448</subfield>
        </datafield>
        <datafield tag="914" ind1=" " ind2=" ">
            <subfield code="f">Science of the total environment</subfield>
        </datafield>
        <datafield tag="916" ind1=" " ind2=" ">
            <subfield code="a">Batch:2470</subfield>
        </datafield>
        <datafield tag="917" ind1=" " ind2=" ">
            <subfield code="a">issued</subfield>
        </datafield>
        <datafield tag="918" ind1="2" ind2=" ">
            <subfield code="a">Elsevier Consyn</subfield>
            <subfield code="e">provider</subfield>
            <subfield code="5">DNAL</subfield>
        </datafield>
        <datafield tag="935" ind1=" " ind2=" ">
            <subfield code="a">IND606883320</subfield>
            <subfield code="9">ExL</subfield>
        </datafield>
        <datafield tag="949" ind1=" " ind2=" ">
            <subfield code="a">2020-05-15</subfield>
        </datafield>
        <datafield tag="953" ind1=" " ind2=" ">
            <subfield code="a">/data/metadata/incoming/consyn/133674313255010409-00001-HEAD-ONLY-NEW
                CONSYN ISSNS.ZIP</subfield>
        </datafield>
        <datafield tag="954" ind1=" " ind2=" ">
            <subfield code="a">file:/data/metadata/staging/consyn/S0048969720319616.xml</subfield>
        </datafield>
        <datafield tag="955" ind1=" " ind2=" ">
            <subfield code="a">/data/metadata/staging/consyn/</subfield>
        </datafield>
        <datafield tag="974" ind1=" " ind2=" ">
            <subfield code="a">agid:6883320</subfield>
        </datafield>
        <datafield tag="983" ind1=" " ind2=" ">
            <subfield code="a">2021-05-19</subfield>
        </datafield>
        <datafield tag="984" ind1=" " ind2=" ">
            <subfield code="a">2021-05-19</subfield>
        </datafield>
    </record>