
    <record>
        <leader>04772nab a2200673 u 4500</leader>
        <controlfield tag="001">9916299483907426</controlfield>
        <controlfield tag="005">20221118061302.0</controlfield>
        <controlfield tag="008">160321e201603 xx |||||o|||||||||||eng||</controlfield>
        <datafield tag="016" ind1="7" ind2=" ">
            <subfield code="a">IND605159059</subfield>
            <subfield code="2">DNAL</subfield>
        </datafield>
        <datafield tag="024" ind1="7" ind2=" ">
            <subfield code="a">10.1111/1365-2435.12524</subfield>
            <subfield code="2">doi</subfield>
        </datafield>
        <datafield tag="035" ind1=" " ind2=" ">
            <subfield code="a">agid:5159059-01nal_inst</subfield>
        </datafield>
        <datafield tag="040" ind1=" " ind2=" ">
            <subfield code="a">AGL</subfield>
            <subfield code="b">eng</subfield>
            <subfield code="c">AGL</subfield>
        </datafield>
        <datafield tag="100" ind1="1" ind2=" ">
            <subfield code="a">Mellado, Ana</subfield>
            <subfield code="e">author</subfield>
            <subfield code="u">Department of Ecology, Terrestrial Ecology Research Group, University
                of Granada, Av. Fuentenueva s/n, E‐18071, Granada, Spain</subfield>
        </datafield>
        <datafield tag="245" ind1="1" ind2="0">
            <subfield code="a">Spatial heterogeneity of a parasitic plant drives the seed‐dispersal
                pattern of a zoochorous plant community in a generalist dispersal system</subfield>
        </datafield>
        <datafield tag="300" ind1=" " ind2=" ">
            <subfield code="a">p. 459-467.</subfield>
        </datafield>
        <datafield tag="520" ind1=" " ind2=" ">
            <subfield code="a">Biota plays a central role as sources of spatial heterogeneity,
                having great potential to define ecological processes and patterns in the landscape.
                Mistletoes are fleshy‐fruited parasitic plants that dwell in forest canopies showing
                a strong aggregated spatial distribution. Parasitized trees potentially concentrate
                frugivore activity on their canopy, where birds find food, places to perch and
                protection against predators. Thus, seed‐deposition patterns generated from the
                canopy are expected to reflect the heterogeneity associated with the parasite. This
                becomes especially important in generalist dispersal systems; however, so far, we do
                not know the implications of mistletoe spatial heterogeneity on the seed‐dispersal
                pattern of other plants with which they simultaneously fruit. In a Mediterranean
                pineland, we analyse the impact of Viscum album subsp. austriacum on the
                seed‐deposition pattern of a zoochorous plant community, taking into consideration
                the spatial and temporal variability of environmental factors influencing the
                frugivore's habitat use, such as fruit availability and forest tree density. For
                four consecutive years, we studied 55 pairs of trees parasitized and unparasitized
                by mistletoe, analysing zoochorous fruit availability, frugivore visits and the
                zoochorous seed rain in selected trees. As expected, frugivorous birds responded to
                mistletoe heterogeneity by visiting parasitized trees preferentially to
                unparasitized ones, generating a differential deposition of mistletoe seeds on tree
                branches while dispersing seeds of co‐fruiting species under the host canopy.
                Availability of understory fruits remained similar in patches of parasitized and
                unparasitized trees, but showed strong temporal fluctuations reflected in the seed
                rain. On the other hand, mistletoe proved more copious in patches of parasitized
                trees and their fruit crops varied little between years, making mistletoes reliable
                food resources likely to lead to consistency in fruit‐deposition patterns. In
                conclusion, mistletoes, by patchily growing on the canopy layer and concentrating
                zoochorous seeds underneath, can shape the spatial seed‐deposition pattern of
                fleshy‐fruited plants in the forest. Moreover, as seeds constantly reach the same
                deposition sites over long periods, the soil beneath the host canopy could become
                hotspots for community regeneration. In degraded areas, such mistletoe effects might
                be critical, possibly promoting recolonization and vegetation recovery through the
                frugivore's activity.</subfield>
        </datafield>
        <datafield tag="592" ind1=" " ind2=" ">
            <subfield code="a">Publisher supplied data</subfield>
        </datafield>
        <datafield tag="593" ind1=" " ind2=" ">
            <subfield code="a">PubAg article</subfield>
        </datafield>
        <datafield tag="650" ind1=" " ind2="3">
            <subfield code="a">Viscum album</subfield>
        </datafield>
        <datafield tag="650" ind1=" " ind2="3">
            <subfield code="a">birds</subfield>
        </datafield>
        <datafield tag="650" ind1=" " ind2="3">
            <subfield code="a">branches</subfield>
        </datafield>
        <datafield tag="650" ind1=" " ind2="3">
            <subfield code="a">environmental factors</subfield>
        </datafield>
        <datafield tag="650" ind1=" " ind2="3">
            <subfield code="a">forest canopy</subfield>
        </datafield>
        <datafield tag="650" ind1=" " ind2="3">
            <subfield code="a">forest trees</subfield>
        </datafield>
        <datafield tag="650" ind1=" " ind2="3">
            <subfield code="a">forests</subfield>
        </datafield>
        <datafield tag="650" ind1=" " ind2="3">
            <subfield code="a">frugivores</subfield>
        </datafield>
        <datafield tag="650" ind1=" " ind2="3">
            <subfield code="a">fruit crops</subfield>
        </datafield>
        <datafield tag="650" ind1=" " ind2="3">
            <subfield code="a">fruits</subfield>
        </datafield>
        <datafield tag="650" ind1=" " ind2="3">
            <subfield code="a">habitat preferences</subfield>
        </datafield>
        <datafield tag="650" ind1=" " ind2="3">
            <subfield code="a">landscapes</subfield>
        </datafield>
        <datafield tag="650" ind1=" " ind2="3">
            <subfield code="a">parasitic plants</subfield>
        </datafield>
        <datafield tag="650" ind1=" " ind2="3">
            <subfield code="a">parasitism</subfield>
        </datafield>
        <datafield tag="650" ind1=" " ind2="3">
            <subfield code="a">plant communities</subfield>
        </datafield>
        <datafield tag="650" ind1=" " ind2="3">
            <subfield code="a">predators</subfield>
        </datafield>
        <datafield tag="650" ind1=" " ind2="3">
            <subfield code="a">seed dispersal</subfield>
        </datafield>
        <datafield tag="650" ind1=" " ind2="3">
            <subfield code="a">seeds</subfield>
        </datafield>
        <datafield tag="650" ind1=" " ind2="3">
            <subfield code="a">soil</subfield>
        </datafield>
        <datafield tag="650" ind1=" " ind2="3">
            <subfield code="a">temporal variation</subfield>
        </datafield>
        <datafield tag="650" ind1=" " ind2="3">
            <subfield code="a">understory</subfield>
        </datafield>
        <datafield tag="700" ind1="1" ind2=" ">
            <subfield code="a">Zamora, Regino</subfield>
            <subfield code="e">author</subfield>
        </datafield>
        <datafield tag="700" ind1="1" ind2=" ">
            <subfield code="a">Watling, Jenny</subfield>
            <subfield code="e">author</subfield>
        </datafield>
        <datafield tag="773" ind1="0" ind2=" ">
            <subfield code="t">Functional ecology.</subfield>
            <subfield code="g">2016 Mar., v. 30, no. 3 p.459-467</subfield>
            <subfield code="d">British Ecological Society</subfield>
            <subfield code="x">0269-8463</subfield>
            <subfield code="7">nnas</subfield>
        </datafield>
        <datafield tag="787" ind1="1" ind2=" ">
            <subfield code="o">islandora_article_repository</subfield>
        </datafield>
        <datafield tag="787" ind1="1" ind2=" ">
            <subfield code="o">product_pubag</subfield>
        </datafield>
        <datafield tag="787" ind1="1" ind2=" ">
            <subfield code="o">(Journal)jnl44821</subfield>
        </datafield>
        <datafield tag="856" ind1="4" ind2="0">
            <subfield code="u">http://dx.doi.org/10.1111/1365-2435.12524</subfield>
            <subfield code="3">Available from publisher's site</subfield>
        </datafield>
        <datafield tag="912" ind1=" " ind2=" ">
            <subfield code="a">Article</subfield>
        </datafield>
        <datafield tag="914" ind1=" " ind2=" ">
            <subfield code="a">Journal:jnl44821</subfield>
            <subfield code="b">0269-8463</subfield>
            <subfield code="c">30</subfield>
            <subfield code="d">3</subfield>
            <subfield code="e">459</subfield>
        </datafield>
        <datafield tag="914" ind1=" " ind2=" ">
            <subfield code="f">Functional ecology</subfield>
        </datafield>
        <datafield tag="916" ind1=" " ind2=" ">
            <subfield code="a">Batch:1304</subfield>
        </datafield>
        <datafield tag="917" ind1=" " ind2=" ">
            <subfield code="a">issued</subfield>
        </datafield>
        <datafield tag="918" ind1="2" ind2=" ">
            <subfield code="a">John Wiley &amp; Sons, Inc</subfield>
            <subfield code="e">provider</subfield>
            <subfield code="5">DNAL</subfield>
        </datafield>
        <datafield tag="935" ind1=" " ind2=" ">
            <subfield code="a">IND605159059</subfield>
            <subfield code="9">ExL</subfield>
        </datafield>
        <datafield tag="949" ind1=" " ind2=" ">
            <subfield code="a">2016-05-10</subfield>
        </datafield>
        <datafield tag="953" ind1=" " ind2=" ">
            <subfield code="a">02698463_2016_30_3.xml</subfield>
        </datafield>
        <datafield tag="962" ind1=" " ind2=" ">
            <subfield code="a">Batch:1304 reviewed on 2016-05-10T13:00:04Z</subfield>
        </datafield>
        <datafield tag="974" ind1=" " ind2=" ">
            <subfield code="a">agid:5159059</subfield>
        </datafield>
        <datafield tag="983" ind1=" " ind2=" ">
            <subfield code="a">2016-03-21</subfield>
        </datafield>
        <datafield tag="984" ind1=" " ind2=" ">
            <subfield code="a">2016-05-10</subfield>
        </datafield>
    </record>