
    <record>
        <leader>04371nab a2200625 u 4500</leader>
        <controlfield tag="001">9916300125607426</controlfield>
        <controlfield tag="005">20221118062455.0</controlfield>
        <controlfield tag="008">220523e202206 xx |||||o|||||||||||eng||</controlfield>
        <datafield tag="016" ind1="7" ind2=" ">
            <subfield code="a">IND607779136</subfield>
            <subfield code="2">DNAL</subfield>
        </datafield>
        <datafield tag="024" ind1="7" ind2=" ">
            <subfield code="a">10.1007/s10342-022-01444-w</subfield>
            <subfield code="2">doi</subfield>
        </datafield>
        <datafield tag="035" ind1=" " ind2=" ">
            <subfield code="a">agid:7779136-01nal_inst</subfield>
        </datafield>
        <datafield tag="040" ind1=" " ind2=" ">
            <subfield code="a">AGL</subfield>
            <subfield code="b">eng</subfield>
            <subfield code="c">AGL</subfield>
        </datafield>
        <datafield tag="100" ind1="1" ind2=" ">
            <subfield code="a">Ameztegui, Aitor</subfield>
            <subfield code="e">author</subfield>
            <subfield code="u">Department of Agriculture and Forest Engineering (EAGROF), University
                of Lleida, Av. Alcalde Rovira Roure 191, 25198, Lleida, Spain.
                aitor.ameztegui@udl.cat</subfield>
            <subfield code="1">https://orcid.org/0000-0003-2006-1559</subfield>
        </datafield>
        <datafield tag="245" ind1="1" ind2="0">
            <subfield code="a">Uncertainty of biomass stocks in Spanish forests: a comprehensive
                comparison of allometric equations</subfield>
        </datafield>
        <datafield tag="300" ind1=" " ind2=" ">
            <subfield code="a">p. 395-407.</subfield>
        </datafield>
        <datafield tag="520" ind1=" " ind2=" ">
            <subfield code="a">Biomass and carbon content are essential indicators for monitoring
                forest ecosystems and their role in climate action, but their estimation is not
                straightforward. A typical approach to solve these limitations has been the
                estimation of tree or stand biomass based on forest inventory data, using either
                allometric equations or biomass expansion factors. Many allometric equations exist,
                but very few studies have assessed how the calculation methods used may impact
                outcomes and how this impact depends on genera, functional group, climate or forest
                structural attributes. In this study we evaluate the differences in biomass
                estimates yielded by the most widely used biomass equations in Spain. We first
                quantify the discrepancies at tree level and among the main forest tree species. We
                observed that the divergences in carbon estimations between different equations
                increased with tree size, especially in the case of hardwoods and for diameters
                beyond the range used to calibrate the equations. At the plot level, we found
                considerable differences between the biomass values predicted using different
                methods (above 25% in one out of three plots), which constitutes a warning against
                the uncritical choice of equations to determine biomass or carbon values. The
                spatial representation of the differences revealed geographical patterns related to
                the dominance of fast-growing species such as Eucalyptus or Pinus pinaster, with a
                minor effect of forest structure, and almost no effect of climate. Finally, we
                observed that differences were mostly due to the data source rather than the
                modelling approach or equation used. Based on our results, BEF equations seem a
                valid and unbiased option to provide nation-level estimations of carbon balance,
                although local equations should preferably be used if they are available for the
                target area.</subfield>
        </datafield>
        <datafield tag="592" ind1=" " ind2=" ">
            <subfield code="a">Publisher supplied data</subfield>
        </datafield>
        <datafield tag="593" ind1=" " ind2=" ">
            <subfield code="a">PubAg article</subfield>
        </datafield>
        <datafield tag="596" ind1=" " ind2=" ">
            <subfield code="a">LIFE16 CCM/ES/000065</subfield>
            <subfield code="c">LIFE programme</subfield>
        </datafield>
        <datafield tag="596" ind1=" " ind2=" ">
            <subfield code="a">PID2019-111781RB-I00</subfield>
            <subfield code="c">Agencia Estatal de Investigación</subfield>
        </datafield>
        <datafield tag="650" ind1=" " ind2="3">
            <subfield code="a">Eucalyptus</subfield>
        </datafield>
        <datafield tag="650" ind1=" " ind2="3">
            <subfield code="a">Pinus pinaster</subfield>
        </datafield>
        <datafield tag="650" ind1=" " ind2="3">
            <subfield code="a">allometry</subfield>
        </datafield>
        <datafield tag="650" ind1=" " ind2="3">
            <subfield code="a">biomass</subfield>
        </datafield>
        <datafield tag="650" ind1=" " ind2="3">
            <subfield code="a">carbon</subfield>
        </datafield>
        <datafield tag="650" ind1=" " ind2="3">
            <subfield code="a">climate</subfield>
        </datafield>
        <datafield tag="650" ind1=" " ind2="3">
            <subfield code="a">equations</subfield>
        </datafield>
        <datafield tag="650" ind1=" " ind2="3">
            <subfield code="a">forest inventory</subfield>
        </datafield>
        <datafield tag="650" ind1=" " ind2="3">
            <subfield code="a">forest trees</subfield>
        </datafield>
        <datafield tag="650" ind1=" " ind2="3">
            <subfield code="a">forests</subfield>
        </datafield>
        <datafield tag="650" ind1=" " ind2="3">
            <subfield code="a">research</subfield>
        </datafield>
        <datafield tag="650" ind1=" " ind2="3">
            <subfield code="a">uncertainty</subfield>
        </datafield>
        <datafield tag="651" ind1=" " ind2="3">
            <subfield code="a">Spain</subfield>
        </datafield>
        <datafield tag="700" ind1="1" ind2=" ">
            <subfield code="a">Rodrigues, Marcos</subfield>
            <subfield code="e">author</subfield>
            <subfield code="u">Department of Agriculture and Forest Engineering (EAGROF), University
                of Lleida, Av. Alcalde Rovira Roure 191, 25198, Lleida, Spain</subfield>
        </datafield>
        <datafield tag="700" ind1="1" ind2=" ">
            <subfield code="a">Granda, Víctor</subfield>
            <subfield code="e">author</subfield>
            <subfield code="u">Ecosystem Modelling Facility, Centre de Recerca Ecològica i
                Aplicacions Forestals (CREAF), Bellaterra, Catalonia, ES, Spain</subfield>
        </datafield>
        <datafield tag="773" ind1="0" ind2=" ">
            <subfield code="t">European journal of forest research.</subfield>
            <subfield code="g">2022 June, v. 141, no. 3 p.395-407</subfield>
            <subfield code="d">Springer Berlin Heidelberg</subfield>
            <subfield code="w">Journal:jnl3870054</subfield>
            <subfield code="x">1612-4669</subfield>
            <subfield code="7">nnas</subfield>
        </datafield>
        <datafield tag="787" ind1="1" ind2=" ">
            <subfield code="o">islandora_article_repository</subfield>
        </datafield>
        <datafield tag="787" ind1="1" ind2=" ">
            <subfield code="o">product_pubag</subfield>
        </datafield>
        <datafield tag="787" ind1="1" ind2=" ">
            <subfield code="o">(Journal)jnl3870054</subfield>
        </datafield>
        <datafield tag="856" ind1="4" ind2="0">
            <subfield code="u">https://dx.doi.org/10.1007/s10342-022-01444-w</subfield>
            <subfield code="3">Available from publisher's site</subfield>
        </datafield>
        <datafield tag="912" ind1=" " ind2=" ">
            <subfield code="a">Article</subfield>
        </datafield>
        <datafield tag="914" ind1=" " ind2=" ">
            <subfield code="a">Journal:jnl3870054</subfield>
            <subfield code="b">1612-4669</subfield>
            <subfield code="c">141</subfield>
            <subfield code="d">3</subfield>
            <subfield code="e">395</subfield>
        </datafield>
        <datafield tag="914" ind1=" " ind2=" ">
            <subfield code="f">European journal of forest research</subfield>
        </datafield>
        <datafield tag="916" ind1=" " ind2=" ">
            <subfield code="a">Batch:10255</subfield>
        </datafield>
        <datafield tag="917" ind1=" " ind2=" ">
            <subfield code="a">issued</subfield>
        </datafield>
        <datafield tag="918" ind1="2" ind2=" ">
            <subfield code="a">Springer</subfield>
            <subfield code="e">provider</subfield>
            <subfield code="5">DNAL</subfield>
        </datafield>
        <datafield tag="935" ind1=" " ind2=" ">
            <subfield code="a">IND607779136</subfield>
            <subfield code="9">ExL</subfield>
        </datafield>
        <datafield tag="949" ind1=" " ind2=" ">
            <subfield code="a">2022-05-23</subfield>
        </datafield>
        <datafield tag="952" ind1=" " ind2=" ">
            <subfield code="d">NAL-AP-2-clean</subfield>
        </datafield>
        <datafield tag="953" ind1=" " ind2=" ">
            <subfield code="a"
                >/data/metadata/incoming/springer/ftp_PUB_22-05-23_05-32-27.zip</subfield>
        </datafield>
        <datafield tag="954" ind1=" " ind2=" ">
            <subfield code="a">file:/data/metadata/staging/springer/10342-141-3.xml</subfield>
        </datafield>
        <datafield tag="955" ind1=" " ind2=" ">
            <subfield code="a">/data/metadata/staging/springer/</subfield>
        </datafield>
        <datafield tag="974" ind1=" " ind2=" ">
            <subfield code="a">agid:7779136</subfield>
        </datafield>
        <datafield tag="983" ind1=" " ind2=" ">
            <subfield code="a">2022-05-23</subfield>
        </datafield>
        <datafield tag="984" ind1=" " ind2=" ">
            <subfield code="a">2022-05-23</subfield>
        </datafield>
    </record>