
    <record>
        <leader>03878nab a2200649 u 4500</leader>
        <controlfield tag="001">9916300330407426</controlfield>
        <controlfield tag="005">20221118064428.0</controlfield>
        <controlfield tag="008">160103e201601 xx |||||o|||||||||||eng||</controlfield>
        <datafield tag="016" ind1="7" ind2=" ">
            <subfield code="a">IND604776594</subfield>
            <subfield code="2">DNAL</subfield>
        </datafield>
        <datafield tag="024" ind1="7" ind2=" ">
            <subfield code="a">10.1007/s10980-015-0295-0</subfield>
            <subfield code="2">doi</subfield>
        </datafield>
        <datafield tag="024" ind1="7" ind2=" ">
            <subfield code="a">10.1007/s10980-015-0295-0</subfield>
            <subfield code="2">chorus</subfield>
        </datafield>
        <datafield tag="035" ind1=" " ind2=" ">
            <subfield code="a">agid:4776594-01nal_inst</subfield>
        </datafield>
        <datafield tag="040" ind1=" " ind2=" ">
            <subfield code="a">AGL</subfield>
            <subfield code="b">eng</subfield>
            <subfield code="c">AGL</subfield>
        </datafield>
        <datafield tag="100" ind1="1" ind2=" ">
            <subfield code="a">Potter, Kevin M.</subfield>
            <subfield code="e">author</subfield>
        </datafield>
        <datafield tag="245" ind1="1" ind2="0">
            <subfield code="a">Data, data everywhere: detecting spatial patterns in fine-scale
                ecological information collected across a continent</subfield>
        </datafield>
        <datafield tag="300" ind1=" " ind2=" ">
            <subfield code="a">p. 67-84.</subfield>
        </datafield>
        <datafield tag="520" ind1=" " ind2=" ">
            <subfield code="a">CONTEXT: Fine-scale ecological data collected across broad regions
                are becoming increasingly available. Appropriate geographic analyses of these data
                can help identify locations of ecological concern. OBJECTIVES: We present one such
                approach, spatial association of scalable hexagons (SASH), which identifies
                locations where ecological phenomena occur at greater or lower frequencies than
                expected by chance. This approach is based on a sampling frame optimized for spatial
                neighborhood analysis, adjustable to the appropriate spatial resolution, and
                applicable to multiple data types. METHODS: We divided portions of the United States
                into scalable equal-area hexagonal cells and, using three types of data (field
                surveys, aerial surveys, satellite imagery), identified geographic clusters of
                forested areas having high and low values for (1) invasive plant diversity and
                cover, (2) mountain pine beetle-induced tree mortality, and (3) wildland forest fire
                occurrences. RESULTS: Using the SASH approach, we detected statistically significant
                patterns of plant invasion, bark beetle-induced tree mortality, and fire occurrence
                density that will be useful for understanding macroscale patterns and processes
                associated with each forest health threat, for assessing its ecological and economic
                impacts, and for identifying areas where specific management activities may be
                needed. CONCLUSIONS: The presented method is a “big data” analysis tool with
                potential application for macrosystems ecology studies that require rigorous testing
                of hypotheses within a spatial framework. This method is a standard component of
                annual national reports on forest health status and trends across the United States
                and can be applied easily to other regions and datasets.</subfield>
        </datafield>
        <datafield tag="592" ind1=" " ind2=" ">
            <subfield code="a">Publisher supplied data</subfield>
        </datafield>
        <datafield tag="593" ind1=" " ind2=" ">
            <subfield code="a">PubAg article</subfield>
        </datafield>
        <datafield tag="650" ind1=" " ind2="3">
            <subfield code="a">bark</subfield>
        </datafield>
        <datafield tag="650" ind1=" " ind2="3">
            <subfield code="a">data analysis</subfield>
        </datafield>
        <datafield tag="650" ind1=" " ind2="3">
            <subfield code="a">data collection</subfield>
        </datafield>
        <datafield tag="650" ind1=" " ind2="3">
            <subfield code="a">ecological invasion</subfield>
        </datafield>
        <datafield tag="650" ind1=" " ind2="3">
            <subfield code="a">economic impact</subfield>
        </datafield>
        <datafield tag="650" ind1=" " ind2="3">
            <subfield code="a">forest fires</subfield>
        </datafield>
        <datafield tag="650" ind1=" " ind2="3">
            <subfield code="a">forest health</subfield>
        </datafield>
        <datafield tag="650" ind1=" " ind2="3">
            <subfield code="a">forests</subfield>
        </datafield>
        <datafield tag="650" ind1=" " ind2="3">
            <subfield code="a">health status</subfield>
        </datafield>
        <datafield tag="650" ind1=" " ind2="3">
            <subfield code="a">invasive species</subfield>
        </datafield>
        <datafield tag="650" ind1=" " ind2="3">
            <subfield code="a">remote sensing</subfield>
        </datafield>
        <datafield tag="650" ind1=" " ind2="3">
            <subfield code="a">surveys</subfield>
        </datafield>
        <datafield tag="650" ind1=" " ind2="3">
            <subfield code="a">tree mortality</subfield>
        </datafield>
        <datafield tag="651" ind1=" " ind2="3">
            <subfield code="a">United States</subfield>
        </datafield>
        <datafield tag="700" ind1="1" ind2=" ">
            <subfield code="a">Koch, Frank H.</subfield>
            <subfield code="e">author</subfield>
        </datafield>
        <datafield tag="700" ind1="1" ind2=" ">
            <subfield code="a">Oswalt, Christopher M.</subfield>
            <subfield code="e">author</subfield>
        </datafield>
        <datafield tag="700" ind1="1" ind2=" ">
            <subfield code="a">Iannone, Basil V., III</subfield>
            <subfield code="c">III</subfield>
            <subfield code="e">author</subfield>
        </datafield>
        <datafield tag="773" ind1="0" ind2=" ">
            <subfield code="t">Landscape ecology.</subfield>
            <subfield code="g">2016 Jan., v. 31, no. 1 p.67-84</subfield>
            <subfield code="d">Springer Netherlands</subfield>
            <subfield code="w">Journal:jnl11406</subfield>
            <subfield code="x">0921-2973</subfield>
            <subfield code="7">nnas</subfield>
        </datafield>
        <datafield tag="787" ind1="1" ind2=" ">
            <subfield code="o">islandora_article_repository</subfield>
        </datafield>
        <datafield tag="787" ind1="1" ind2=" ">
            <subfield code="o">product_pubag</subfield>
        </datafield>
        <datafield tag="787" ind1="1" ind2=" ">
            <subfield code="o">(Journal)jnl3870067</subfield>
        </datafield>
        <datafield tag="787" ind1="1" ind2=" ">
            <subfield code="o">(Journal)jnl11406</subfield>
        </datafield>
        <datafield tag="856" ind1="4" ind2="0">
            <subfield code="u">http://dx.doi.org/10.1007/s10980-015-0295-0</subfield>
            <subfield code="3">Available from publisher's site</subfield>
        </datafield>
        <datafield tag="912" ind1=" " ind2=" ">
            <subfield code="a">Article</subfield>
        </datafield>
        <datafield tag="914" ind1=" " ind2=" ">
            <subfield code="a">Journal:jnl3870067</subfield>
            <subfield code="b">0921-2973</subfield>
            <subfield code="c">31</subfield>
            <subfield code="d">1</subfield>
            <subfield code="e">67</subfield>
        </datafield>
        <datafield tag="914" ind1=" " ind2=" ">
            <subfield code="a">Journal:jnl11406</subfield>
            <subfield code="b">0921-2973</subfield>
            <subfield code="c">31</subfield>
            <subfield code="d">1</subfield>
            <subfield code="e">67</subfield>
        </datafield>
        <datafield tag="914" ind1=" " ind2=" ">
            <subfield code="f">Landscape ecology</subfield>
        </datafield>
        <datafield tag="916" ind1=" " ind2=" ">
            <subfield code="a">Batch:1243</subfield>
        </datafield>
        <datafield tag="917" ind1=" " ind2=" ">
            <subfield code="a">issued</subfield>
        </datafield>
        <datafield tag="918" ind1="2" ind2=" ">
            <subfield code="a">Springer</subfield>
            <subfield code="e">provider</subfield>
            <subfield code="5">DNAL</subfield>
        </datafield>
        <datafield tag="935" ind1=" " ind2=" ">
            <subfield code="a">IND604776594</subfield>
            <subfield code="9">ExL</subfield>
        </datafield>
        <datafield tag="949" ind1=" " ind2=" ">
            <subfield code="a">2020-03-06</subfield>
        </datafield>
        <datafield tag="953" ind1=" " ind2=" ">
            <subfield code="a">ftp_PUB_16-01-03_05-07-08.zip</subfield>
        </datafield>
        <datafield tag="962" ind1=" " ind2=" ">
            <subfield code="a">Journal title changed from 'Landscape Ecol'</subfield>
        </datafield>
        <datafield tag="962" ind1=" " ind2=" ">
            <subfield code="a">Batch:1243 reviewed on 2016-03-28T14:00:03Z</subfield>
        </datafield>
        <datafield tag="974" ind1=" " ind2=" ">
            <subfield code="a">agid:4776594</subfield>
        </datafield>
        <datafield tag="983" ind1=" " ind2=" ">
            <subfield code="a">2016-01-03</subfield>
        </datafield>
        <datafield tag="984" ind1=" " ind2=" ">
            <subfield code="a">2020-03-06</subfield>
        </datafield>
    </record>