
    <record>
        <leader>04181nab a2200649 u 4500</leader>
        <controlfield tag="001">9916300843707426</controlfield>
        <controlfield tag="005">20221118065233.0</controlfield>
        <controlfield tag="008">151127e200202 xx |||||o|||||||||||eng||</controlfield>
        <datafield tag="016" ind1="7" ind2=" ">
            <subfield code="a">IND500650466</subfield>
            <subfield code="2">DNAL</subfield>
        </datafield>
        <datafield tag="024" ind1="7" ind2=" ">
            <subfield code="a">10.1658/1100-9233(2002)013[0035:SEODTI]2.0.CO;2</subfield>
            <subfield code="2">doi</subfield>
        </datafield>
        <datafield tag="035" ind1=" " ind2=" ">
            <subfield code="a">agid:166931-01nal_inst</subfield>
        </datafield>
        <datafield tag="040" ind1=" " ind2=" ">
            <subfield code="a">AGL</subfield>
            <subfield code="b">eng</subfield>
            <subfield code="c">AGL</subfield>
        </datafield>
        <datafield tag="100" ind1="1" ind2=" ">
            <subfield code="a">Nagamatsu, Dai</subfield>
            <subfield code="e">author</subfield>
            <subfield code="u">Biological Institute, Graduate School of Science, Tohoku University,
                Sendai 980‐‐8578, Japan</subfield>
        </datafield>
        <datafield tag="245" ind1="1" ind2="0">
            <subfield code="a">Seedling establishment of deciduous trees in various topographic
                positions</subfield>
        </datafield>
        <datafield tag="300" ind1=" " ind2=" ">
            <subfield code="a">p. 35-44.</subfield>
        </datafield>
        <datafield tag="520" ind1=" " ind2=" ">
            <subfield code="a">We investigated the effect of topography‐‐related environmental
                factors ((i.e., ground‐‐surface stability and soil moisture)) on seedling
                establishment of 8 deciduous tree species. A field experiment was carried out using
                canopy species, which were classified into 3 groups based on the spatial
                distribution of adult trees ((ridge, slope and valley)). Demographic parameters were
                compared among species during the early stage of seedling establishment among 3
                topographic positions in combination with gap and canopy conditions. The percentage
                of emerging seedlings tended to be lower on the ridge irrespective of the adult
                topographical distribution patterns. There was no clear trend in seedling emergence
                among the species groups classified by their spatial distribution. Seedling survival
                during 2 growing seasons was significantly different among species, topographic
                positions and light conditions. On the ridge, seedlings of the species dominating
                ridge tops had greater survival than those of other species, probably due to
                differences in demand for soil moisture. On the slope, frequent physical damage
                caused by surface material movement was observed and some species showed greater
                adaptability to the disturbed slope habitat. Survival of all seedlings was highest
                in the valley plots. Light conditions were the critical factor for seedling survival
                in some species. The results of this study suggest that topography creates diverse
                habitats for the establishment of tree seedlings. In addition to soil moisture,
                surface material movement may be a significant factor affecting seedling
                establishment.Nomenclature:Satake et al. ((1981‐‐1982,Satake 1989)) Iwatsuki
                ((1992)).</subfield>
        </datafield>
        <datafield tag="592" ind1=" " ind2=" ">
            <subfield code="a">Publisher supplied data</subfield>
        </datafield>
        <datafield tag="593" ind1=" " ind2=" ">
            <subfield code="a">PubAg article</subfield>
        </datafield>
        <datafield tag="650" ind1=" " ind2="3">
            <subfield code="a">adults</subfield>
        </datafield>
        <datafield tag="650" ind1=" " ind2="3">
            <subfield code="a">canopy gaps</subfield>
        </datafield>
        <datafield tag="650" ind1=" " ind2="3">
            <subfield code="a">environmental factors</subfield>
        </datafield>
        <datafield tag="650" ind1=" " ind2="3">
            <subfield code="a">field experimentation</subfield>
        </datafield>
        <datafield tag="650" ind1=" " ind2="3">
            <subfield code="a">growing season</subfield>
        </datafield>
        <datafield tag="650" ind1=" " ind2="3">
            <subfield code="a">habitats</subfield>
        </datafield>
        <datafield tag="650" ind1=" " ind2="3">
            <subfield code="a">mature plants</subfield>
        </datafield>
        <datafield tag="650" ind1=" " ind2="3">
            <subfield code="a">seedling emergence</subfield>
        </datafield>
        <datafield tag="650" ind1=" " ind2="3">
            <subfield code="a">seedlings</subfield>
        </datafield>
        <datafield tag="650" ind1=" " ind2="3">
            <subfield code="a">soil water</subfield>
        </datafield>
        <datafield tag="650" ind1=" " ind2="3">
            <subfield code="a">topography</subfield>
        </datafield>
        <datafield tag="650" ind1=" " ind2="3">
            <subfield code="a">trees</subfield>
        </datafield>
        <datafield tag="653" ind1=" " ind2="0">
            <subfield code="a">Erosion</subfield>
        </datafield>
        <datafield tag="653" ind1=" " ind2="0">
            <subfield code="a">Forest dynamics</subfield>
        </datafield>
        <datafield tag="653" ind1=" " ind2="0">
            <subfield code="a">Ground‐‐surface disturbance</subfield>
        </datafield>
        <datafield tag="653" ind1=" " ind2="0">
            <subfield code="a">Seedling emergence</subfield>
        </datafield>
        <datafield tag="653" ind1=" " ind2="0">
            <subfield code="a">Seedling survival</subfield>
        </datafield>
        <datafield tag="700" ind1="1" ind2=" ">
            <subfield code="a">Seiwa, Kenji</subfield>
            <subfield code="e">author</subfield>
            <subfield code="u">Laboratory of Forest Ecology, Graduate School of Agriculture, Tohoku
                University, Narugo 989‐‐6711, Japan</subfield>
        </datafield>
        <datafield tag="700" ind1="1" ind2=" ">
            <subfield code="a">Sakai, Akiko</subfield>
            <subfield code="e">author</subfield>
            <subfield code="u">Department of Ecology and Evolutionary Biology, Graduate School of
                Life Science, Tohoku University, Sendai 980‐‐8578, Japan</subfield>
        </datafield>
        <datafield tag="773" ind1="0" ind2=" ">
            <subfield code="t">Journal of vegetation science.</subfield>
            <subfield code="g">2002 Feb., v. 13, no. 1 p.35-44</subfield>
            <subfield code="d">Opulus Press</subfield>
            <subfield code="x">1100-9233</subfield>
            <subfield code="7">nnas</subfield>
        </datafield>
        <datafield tag="787" ind1="1" ind2=" ">
            <subfield code="o">islandora_article_repository</subfield>
        </datafield>
        <datafield tag="787" ind1="1" ind2=" ">
            <subfield code="o">product_pubag</subfield>
        </datafield>
        <datafield tag="787" ind1="1" ind2=" ">
            <subfield code="o">(Journal)jnl46820</subfield>
        </datafield>
        <datafield tag="856" ind1="4" ind2="0">
            <subfield code="u"
                >http://dx.doi.org/10.1658%2F1100-9233%282002%29013%5B0035%3ASEODTI%5D2.0.CO%3B2</subfield>
            <subfield code="3">Available from publisher's site</subfield>
        </datafield>
        <datafield tag="912" ind1=" " ind2=" ">
            <subfield code="a">Article</subfield>
        </datafield>
        <datafield tag="914" ind1=" " ind2=" ">
            <subfield code="a">Journal:jnl46820</subfield>
            <subfield code="b">1100-9233</subfield>
            <subfield code="c">13</subfield>
            <subfield code="d">1</subfield>
            <subfield code="e">35</subfield>
        </datafield>
        <datafield tag="914" ind1=" " ind2=" ">
            <subfield code="f">Journal of vegetation science</subfield>
        </datafield>
        <datafield tag="916" ind1=" " ind2=" ">
            <subfield code="a">Batch:663</subfield>
        </datafield>
        <datafield tag="917" ind1=" " ind2=" ">
            <subfield code="a">issued</subfield>
        </datafield>
        <datafield tag="918" ind1="2" ind2=" ">
            <subfield code="a">BioOne</subfield>
            <subfield code="e">provider</subfield>
            <subfield code="5">DNAL</subfield>
        </datafield>
        <datafield tag="935" ind1=" " ind2=" ">
            <subfield code="a">IND500650466</subfield>
            <subfield code="9">ExL</subfield>
        </datafield>
        <datafield tag="949" ind1=" " ind2=" ">
            <subfield code="a">2014-10-09</subfield>
        </datafield>
        <datafield tag="953" ind1=" " ind2=" ">
            <subfield code="a">VEGSv13i1-04290043-174994.zip</subfield>
        </datafield>
        <datafield tag="962" ind1=" " ind2=" ">
            <subfield code="a">Batch:663 annotated on 2014-09-16T12:27:54Z</subfield>
        </datafield>
        <datafield tag="962" ind1=" " ind2=" ">
            <subfield code="a">Batch:663 reviewed on 2014-10-08T16:00:02Z</subfield>
        </datafield>
        <datafield tag="962" ind1=" " ind2=" ">
            <subfield code="a">Batch:663 reviewed on 2014-10-09T04:00:02Z</subfield>
        </datafield>
        <datafield tag="974" ind1=" " ind2=" ">
            <subfield code="a">agid:166931</subfield>
        </datafield>
        <datafield tag="983" ind1=" " ind2=" ">
            <subfield code="a">2015-11-27</subfield>
        </datafield>
        <datafield tag="984" ind1=" " ind2=" ">
            <subfield code="a">2015-11-27</subfield>
        </datafield>
    </record>