
    <record>
        <leader>04041nab a2200541 u 4500</leader>
        <controlfield tag="001">9916301983607426</controlfield>
        <controlfield tag="005">20221118074723.0</controlfield>
        <controlfield tag="008">141110e201102 xx |||||o|||||||||||eng||</controlfield>
        <datafield tag="016" ind1="7" ind2=" ">
            <subfield code="a">IND44831918</subfield>
            <subfield code="2">DNAL</subfield>
        </datafield>
        <datafield tag="024" ind1="7" ind2=" ">
            <subfield code="a">10.1016/j.baae.2010.11.006</subfield>
            <subfield code="2">doi</subfield>
        </datafield>
        <datafield tag="035" ind1=" " ind2=" ">
            <subfield code="a">agid:365967-01nal_inst</subfield>
        </datafield>
        <datafield tag="040" ind1=" " ind2=" ">
            <subfield code="a">AGL</subfield>
            <subfield code="b">eng</subfield>
            <subfield code="c">AGL</subfield>
        </datafield>
        <datafield tag="100" ind1="1" ind2=" ">
            <subfield code="a">Westermann, Janneke R.</subfield>
            <subfield code="e">author</subfield>
            <subfield code="u">Department of Ecology, Technische Universität Berlin, Rothenburgstr.
                12, 12165 Berlin, Germany</subfield>
        </datafield>
        <datafield tag="245" ind1="1" ind2="0">
            <subfield code="a">Seed traits, landscape and environmental parameters as predictors of
                species occurrence in fragmented urban railway habitats</subfield>
        </datafield>
        <datafield tag="300" ind1=" " ind2=" ">
            <subfield code="a">p. 29-37.</subfield>
        </datafield>
        <datafield tag="520" ind1=" " ind2=" ">
            <subfield code="a">Urbanization particularly promotes habitat fragmentation, which in
                turn strongly affects biodiversity patterns. A major driver of species loss in
                isolated habitat patches is dispersal limitation. The relative importance of
                dispersal ability of species, spatial habitat configuration and local environmental
                conditions for predicting species composition is still unclear though. Addressing
                urban abandoned railway areas as study areas, we analyzed the relative importance of
                environmental versus landscape predictors (e.g. proportions of sealed, built-up and
                ruderal areas) using variation partitioning methods. To add the perspective of
                individual species dispersal ability, we characterized the effect of species traits
                on explained variation in species occurrence with a regression tree. The difference
                in explained variation in the occurrence of individual species (ΔCfit) between a
                CCA with environmental predictors and environmental and landscape predictors
                together was analyzed. The results revealed that environmental predictors explained
                a slightly larger amount of variation than landscape predictors. Adding landscape
                predictors to the analysis with environmental predictors resulted in a sizeable
                increase in explained variation. The most important predictors in the CCA were
                photosynthetically active radiation, C/N-ratio in the soil and the proportion of
                ruderal habitats in the surroundings of the plots. The regression tree model showed
                higher ΔCfit values for species with a long-term persistent soil seed bank. The
                lowest ΔCfit values were found for species with a transient seed bank and long
                seeds. Linking dispersal-related traits to the predictability of species occurrence
                is a promising approach to reveal the interdependencies between environmental
                conditions, landscape configuration and species-specific dispersal abilities. Our
                results suggest that in fragmented urban habitats, a persistent seed bank is
                advantageous because it allows for stable populations once habitat patches have been
                colonized.</subfield>
        </datafield>
        <datafield tag="592" ind1=" " ind2=" ">
            <subfield code="a">Publisher supplied data</subfield>
        </datafield>
        <datafield tag="593" ind1=" " ind2=" ">
            <subfield code="a">PubAg article</subfield>
        </datafield>
        <datafield tag="650" ind1=" " ind2="3">
            <subfield code="a">buried seeds</subfield>
        </datafield>
        <datafield tag="650" ind1=" " ind2="3">
            <subfield code="a">environmental factors</subfield>
        </datafield>
        <datafield tag="650" ind1=" " ind2="3">
            <subfield code="a">habitat fragmentation</subfield>
        </datafield>
        <datafield tag="650" ind1=" " ind2="3">
            <subfield code="a">habitats</subfield>
        </datafield>
        <datafield tag="650" ind1=" " ind2="3">
            <subfield code="a">interspecific variation</subfield>
        </datafield>
        <datafield tag="650" ind1=" " ind2="3">
            <subfield code="a">photosynthetically active radiation</subfield>
        </datafield>
        <datafield tag="650" ind1=" " ind2="3">
            <subfield code="a">regression analysis</subfield>
        </datafield>
        <datafield tag="650" ind1=" " ind2="3">
            <subfield code="a">species dispersal</subfield>
        </datafield>
        <datafield tag="650" ind1=" " ind2="3">
            <subfield code="a">species diversity</subfield>
        </datafield>
        <datafield tag="700" ind1="1" ind2=" ">
            <subfield code="a">von der Lippe, Moritz</subfield>
            <subfield code="e">author</subfield>
        </datafield>
        <datafield tag="700" ind1="1" ind2=" ">
            <subfield code="a">Kowarik, Ingo</subfield>
            <subfield code="e">author</subfield>
        </datafield>
        <datafield tag="773" ind1="0" ind2=" ">
            <subfield code="t">Basic and applied ecology.</subfield>
            <subfield code="g">2011 Feb., v. 12, no. 1 p.29-37</subfield>
            <subfield code="d">Elsevier GmbH</subfield>
            <subfield code="x">1439-1791</subfield>
            <subfield code="7">nnas</subfield>
        </datafield>
        <datafield tag="787" ind1="1" ind2=" ">
            <subfield code="o">islandora_article_repository</subfield>
        </datafield>
        <datafield tag="787" ind1="1" ind2=" ">
            <subfield code="o">product_pubag</subfield>
        </datafield>
        <datafield tag="787" ind1="1" ind2=" ">
            <subfield code="o">(Journal)jnl3925117</subfield>
        </datafield>
        <datafield tag="856" ind1="4" ind2="0">
            <subfield code="u">http://dx.doi.org/10.1016/j.baae.2010.11.006</subfield>
            <subfield code="3">Available from publisher's site</subfield>
        </datafield>
        <datafield tag="912" ind1=" " ind2=" ">
            <subfield code="a">Article</subfield>
        </datafield>
        <datafield tag="914" ind1=" " ind2=" ">
            <subfield code="a">Journal:jnl3925117</subfield>
            <subfield code="b">1439-1791</subfield>
            <subfield code="c">12</subfield>
            <subfield code="d">1</subfield>
            <subfield code="e">29</subfield>
        </datafield>
        <datafield tag="914" ind1=" " ind2=" ">
            <subfield code="f">Basic and applied ecology</subfield>
        </datafield>
        <datafield tag="917" ind1=" " ind2=" ">
            <subfield code="a">issued</subfield>
        </datafield>
        <datafield tag="918" ind1="2" ind2=" ">
            <subfield code="a">Elsevier B.V.</subfield>
            <subfield code="e">provider</subfield>
            <subfield code="5">DNAL</subfield>
        </datafield>
        <datafield tag="935" ind1=" " ind2=" ">
            <subfield code="a">IND44831918</subfield>
            <subfield code="9">ExL</subfield>
        </datafield>
        <datafield tag="949" ind1=" " ind2=" ">
            <subfield code="a">2014-07-22</subfield>
        </datafield>
        <datafield tag="953" ind1=" " ind2=" ">
            <subfield code="a">NAL266601439179100120001.xml</subfield>
        </datafield>
        <datafield tag="962" ind1=" " ind2=" ">
            <subfield code="a">Batch:575 annotated on 2014-06-11T07:22:37Z</subfield>
        </datafield>
        <datafield tag="962" ind1=" " ind2=" ">
            <subfield code="a">Batch:575 reviewed on 2014-07-22T08:52:51Z</subfield>
        </datafield>
        <datafield tag="962" ind1=" " ind2=" ">
            <subfield code="a">Batch:575 reviewed on 2014-07-22T09:42:08Z</subfield>
        </datafield>
        <datafield tag="974" ind1=" " ind2=" ">
            <subfield code="a">agid:365967</subfield>
        </datafield>
        <datafield tag="983" ind1=" " ind2=" ">
            <subfield code="a">2014-11-10</subfield>
        </datafield>
        <datafield tag="984" ind1=" " ind2=" ">
            <subfield code="a">2014-11-10</subfield>
        </datafield>
    </record>