
    <record>
        <leader>05582nab a2200781 u 4500</leader>
        <controlfield tag="001">9916303900607426</controlfield>
        <controlfield tag="005">20221118103644.0</controlfield>
        <controlfield tag="008">200417e20200415xx |||||o|||||||||||eng||</controlfield>
        <datafield tag="016" ind1="7" ind2=" ">
            <subfield code="a">IND606882461</subfield>
            <subfield code="2">DNAL</subfield>
        </datafield>
        <datafield tag="024" ind1="7" ind2=" ">
            <subfield code="a">10.1016/j.ecoleng.2020.105810</subfield>
            <subfield code="2">doi</subfield>
        </datafield>
        <datafield tag="035" ind1=" " ind2=" ">
            <subfield code="a">agid:6882461-01nal_inst</subfield>
        </datafield>
        <datafield tag="040" ind1=" " ind2=" ">
            <subfield code="a">AGL</subfield>
            <subfield code="b">eng</subfield>
            <subfield code="c">AGL</subfield>
        </datafield>
        <datafield tag="100" ind1="1" ind2=" ">
            <subfield code="a">Uribe, Natalia</subfield>
            <subfield code="e">author</subfield>
            <subfield code="u">Department of IWSG, IHE-Delft Institute for Water Education, P.O. Box
                3015, 2601 DA Delft, the Netherlands</subfield>
        </datafield>
        <datafield tag="245" ind1="1" ind2="0">
            <subfield code="a">Spatio-temporal critical source area patterns of runoff pollution
                from agricultural practices in the Colombian Andes</subfield>
        </datafield>
        <datafield tag="520" ind1=" " ind2=" ">
            <subfield code="a">Lake Riogrande II, located in the central region of the Colombian
                Andes, has eutrophication due to a progressive increase of runoff pollution from
                upstream intensive dairy cattle and agricultural activities in the watershed. Public
                and private entities have invested in programs aimed at adopting the best
                agricultural management practices (BMP). BMP is a general formulation of recommended
                criteria and, therefore, not universally fit all problems. For example, the
                corrective measures taken so far demonstrate difficulties in selecting and
                allocating BMPs aligned to the space-time hydrological variability within the
                watershed. This research analyses the spatio-temporal dynamics of BMP pollution
                patterns. The study is built on the concept of critical source areas of runoff
                pollution from agricultural practices in the Colombia Andes. Fieldwork was conducted
                with the participation of farmers to collect spatial data of the current management
                operations for potato (Solanum tuberosum), tree tomato (Solanum betaceum), and dairy
                agriculture. A Soil Water Assessment model is used to simulate agricultural and
                hydrological processes. The model was calibrated using observed discharge, nitrate-N
                (NO₃—N), and soluble phosphorus (P) concentrations at a monthly scale. The origin of
                pollution at the catchment scale was used applying the critical source areas (CSAs)
                method. This paper proposes for this analysis a new spatio-temporal CSA index
                (ST-CSA) to represent the behavior of the CSAs simultaneously in space and time. For
                this, several aggregated CSA in time were analyzed for monthly and annual time
                steps. Results indicate that there is an essential difference in the aggregation of
                CSA in time, and pollution location changes significantly using the ST-CSA. As
                expected, the highest number of CSAs occurs during the rainy months. However, these
                CSAs are located in the region with the lowest precipitation levels in the
                agricultural areas dominated by potato, tree tomato, and dairy agriculture located
                within the watershed. These areas vary significantly from 24.07% of the entire area
                of the basin (1034.348 km²), and it could reach a maximum value of 61.78%. Despite
                the model uncertainties, the results highlight the importance of identifying
                spatio-temporal CSAs to select BMPs with the highest potential of nitrogen and
                phosphorus losses reduction - such as the adaptation of fertilization schedules -
                applicable to the study watershed.</subfield>
        </datafield>
        <datafield tag="592" ind1=" " ind2=" ">
            <subfield code="a">Publisher supplied data</subfield>
        </datafield>
        <datafield tag="593" ind1=" " ind2=" ">
            <subfield code="a">PubAg article</subfield>
        </datafield>
        <datafield tag="650" ind1=" " ind2="3">
            <subfield code="a">Solanum betaceum</subfield>
        </datafield>
        <datafield tag="650" ind1=" " ind2="3">
            <subfield code="a">Solanum tuberosum</subfield>
        </datafield>
        <datafield tag="650" ind1=" " ind2="3">
            <subfield code="a">agricultural land</subfield>
        </datafield>
        <datafield tag="650" ind1=" " ind2="3">
            <subfield code="a">basins</subfield>
        </datafield>
        <datafield tag="650" ind1=" " ind2="3">
            <subfield code="a">dairy cattle</subfield>
        </datafield>
        <datafield tag="650" ind1=" " ind2="3">
            <subfield code="a">eutrophication</subfield>
        </datafield>
        <datafield tag="650" ind1=" " ind2="3">
            <subfield code="a">farmers</subfield>
        </datafield>
        <datafield tag="650" ind1=" " ind2="3">
            <subfield code="a">good agricultural practices</subfield>
        </datafield>
        <datafield tag="650" ind1=" " ind2="3">
            <subfield code="a">lakes</subfield>
        </datafield>
        <datafield tag="650" ind1=" " ind2="3">
            <subfield code="a">model uncertainty</subfield>
        </datafield>
        <datafield tag="650" ind1=" " ind2="3">
            <subfield code="a">nitrate nitrogen</subfield>
        </datafield>
        <datafield tag="650" ind1=" " ind2="3">
            <subfield code="a">nitrogen</subfield>
        </datafield>
        <datafield tag="650" ind1=" " ind2="3">
            <subfield code="a">phosphorus</subfield>
        </datafield>
        <datafield tag="650" ind1=" " ind2="3">
            <subfield code="a">pollution</subfield>
        </datafield>
        <datafield tag="650" ind1=" " ind2="3">
            <subfield code="a">potatoes</subfield>
        </datafield>
        <datafield tag="650" ind1=" " ind2="3">
            <subfield code="a">runoff</subfield>
        </datafield>
        <datafield tag="650" ind1=" " ind2="3">
            <subfield code="a">soil water</subfield>
        </datafield>
        <datafield tag="650" ind1=" " ind2="3">
            <subfield code="a">soluble phosphorus</subfield>
        </datafield>
        <datafield tag="650" ind1=" " ind2="3">
            <subfield code="a">space and time</subfield>
        </datafield>
        <datafield tag="650" ind1=" " ind2="3">
            <subfield code="a">spatial data</subfield>
        </datafield>
        <datafield tag="650" ind1=" " ind2="3">
            <subfield code="a">watersheds</subfield>
        </datafield>
        <datafield tag="651" ind1=" " ind2="3">
            <subfield code="a">Andes region</subfield>
        </datafield>
        <datafield tag="651" ind1=" " ind2="3">
            <subfield code="a">Colombia</subfield>
        </datafield>
        <datafield tag="653" ind1=" " ind2="0">
            <subfield code="a">Critical source areas</subfield>
        </datafield>
        <datafield tag="653" ind1=" " ind2="0">
            <subfield code="a">Spatio-temporal modeling</subfield>
        </datafield>
        <datafield tag="653" ind1=" " ind2="0">
            <subfield code="a">Best management practices</subfield>
        </datafield>
        <datafield tag="653" ind1=" " ind2="0">
            <subfield code="a">Colombian Andes</subfield>
        </datafield>
        <datafield tag="700" ind1="1" ind2=" ">
            <subfield code="a">Srinivasan, Raghavan</subfield>
            <subfield code="e">author</subfield>
            <subfield code="u">Spatial Science Laboratory, Texas A&amp;M University, College
                Station, TX 77843, United States of America</subfield>
        </datafield>
        <datafield tag="700" ind1="1" ind2=" ">
            <subfield code="a">Corzo, Gerald</subfield>
            <subfield code="e">author</subfield>
            <subfield code="u">Department of IWSG, IHE-Delft Institute for Water Education, P.O. Box
                3015, 2601 DA Delft, the Netherlands</subfield>
        </datafield>
        <datafield tag="700" ind1="1" ind2=" ">
            <subfield code="a">Arango, David</subfield>
            <subfield code="e">author</subfield>
            <subfield code="u">Faculty of Engineering and Science, School of Natural Sciences and
                Mathematics, Pontifical Xavierian University - Cali, Calle 18 No., 118-250 Cali,
                Colombia</subfield>
        </datafield>
        <datafield tag="700" ind1="1" ind2=" ">
            <subfield code="a">Solomatine, Dimitri</subfield>
            <subfield code="e">author</subfield>
            <subfield code="u">Department of IWSG, IHE-Delft Institute for Water Education, P.O. Box
                3015, 2601 DA Delft, the Netherlands</subfield>
        </datafield>
        <datafield tag="773" ind1="0" ind2=" ">
            <subfield code="t">Ecological engineering.</subfield>
            <subfield code="g">2020 Apr. 15, v. 149 p.105810-</subfield>
            <subfield code="d">Elsevier B.V.</subfield>
            <subfield code="a">Elsevier B.V.</subfield>
            <subfield code="w">Journal:11630</subfield>
            <subfield code="x">0925-8574</subfield>
            <subfield code="7">nnas</subfield>
        </datafield>
        <datafield tag="787" ind1="1" ind2=" ">
            <subfield code="o">islandora_article_repository</subfield>
        </datafield>
        <datafield tag="787" ind1="1" ind2=" ">
            <subfield code="o">product_pubag</subfield>
        </datafield>
        <datafield tag="787" ind1="1" ind2=" ">
            <subfield code="o">(Journal)11630</subfield>
        </datafield>
        <datafield tag="856" ind1="4" ind2="0">
            <subfield code="u">https://dx.doi.org/10.1016/j.ecoleng.2020.105810</subfield>
            <subfield code="3">Available from publisher's site</subfield>
        </datafield>
        <datafield tag="912" ind1=" " ind2=" ">
            <subfield code="a">Article</subfield>
        </datafield>
        <datafield tag="914" ind1=" " ind2=" ">
            <subfield code="a">Journal:11630</subfield>
            <subfield code="b">0925-8574</subfield>
            <subfield code="c">149</subfield>
            <subfield code="e">105810</subfield>
        </datafield>
        <datafield tag="914" ind1=" " ind2=" ">
            <subfield code="f">Ecological engineering</subfield>
        </datafield>
        <datafield tag="916" ind1=" " ind2=" ">
            <subfield code="a">Batch:2478</subfield>
        </datafield>
        <datafield tag="917" ind1=" " ind2=" ">
            <subfield code="a">issued</subfield>
        </datafield>
        <datafield tag="918" ind1="2" ind2=" ">
            <subfield code="a">Elsevier Consyn</subfield>
            <subfield code="e">provider</subfield>
            <subfield code="5">DNAL</subfield>
        </datafield>
        <datafield tag="935" ind1=" " ind2=" ">
            <subfield code="a">IND606882461</subfield>
            <subfield code="9">ExL</subfield>
        </datafield>
        <datafield tag="949" ind1=" " ind2=" ">
            <subfield code="a">2020-07-06</subfield>
        </datafield>
        <datafield tag="953" ind1=" " ind2=" ">
            <subfield code="a"
                >/data/metadata/incoming/consyn/176204319235300540-00001-HEAD-ONLY-REVISEDSUBJECTLIST.zip</subfield>
        </datafield>
        <datafield tag="954" ind1=" " ind2=" ">
            <subfield code="a">file:/data/metadata/staging/consyn/S0925857420300987.xml</subfield>
        </datafield>
        <datafield tag="955" ind1=" " ind2=" ">
            <subfield code="a">/data/metadata/staging/consyn/</subfield>
        </datafield>
        <datafield tag="962" ind1=" " ind2=" ">
            <subfield code="a">Batch:2478 reviewed on 2020-07-06T15:00:03Z</subfield>
        </datafield>
        <datafield tag="974" ind1=" " ind2=" ">
            <subfield code="a">agid:6882461</subfield>
        </datafield>
        <datafield tag="983" ind1=" " ind2=" ">
            <subfield code="a">2020-04-17</subfield>
        </datafield>
        <datafield tag="984" ind1=" " ind2=" ">
            <subfield code="a">2020-07-06</subfield>
        </datafield>
    </record>