
    <record>
        <leader>03886nab a2200673 u 4500</leader>
        <controlfield tag="001">9916304974307426</controlfield>
        <controlfield tag="005">20221118115723.0</controlfield>
        <controlfield tag="008">201024e202010 xx |||||o|||||||||||eng||</controlfield>
        <datafield tag="016" ind1="7" ind2=" ">
            <subfield code="a">IND607014186</subfield>
            <subfield code="2">DNAL</subfield>
        </datafield>
        <datafield tag="024" ind1="7" ind2=" ">
            <subfield code="a">10.1016/j.funeco.2020.100974</subfield>
            <subfield code="2">doi</subfield>
        </datafield>
        <datafield tag="035" ind1=" " ind2=" ">
            <subfield code="a">agid:7014186-01nal_inst</subfield>
        </datafield>
        <datafield tag="040" ind1=" " ind2=" ">
            <subfield code="a">AGL</subfield>
            <subfield code="b">eng</subfield>
            <subfield code="c">AGL</subfield>
        </datafield>
        <datafield tag="100" ind1="1" ind2=" ">
            <subfield code="a">Perea, Antonio J.</subfield>
            <subfield code="e">author</subfield>
            <subfield code="u">Depto. Biología Animal, Biología Vegetal y Ecología. Universidad de
                Jaén, Spain</subfield>
        </datafield>
        <datafield tag="245" ind1="1" ind2="0">
            <subfield code="a">Pathogen life-cycle leaves footprint on the spatial distribution of
                recruitment of their host plants</subfield>
        </datafield>
        <datafield tag="520" ind1=" " ind2=" ">
            <subfield code="a">Interactions between established and recruiting plants play an
                important role in species coexistence in natural plant communities. However, our
                knowledge on the particular ecological drivers of these interactions is still
                limited. We use spatial point pattern analysis to study the spatial patterns of
                recruitment and infection in two plant-pathogen systems, each involving a fungus
                with a different life cycle: the pair Quercus faginea-Trabutia quercina and the
                triad Crataegus monogyna-Gymnosporangium sp.-Juniperus oxycedrus. Our results show
                that T. quercina, an autoecious fungus, may act as a stabilizing mechanism in the
                population dynamics of Q. faginea. In turn, the effect of the heteroecious
                Gymnosporangium sp. on C. monogyna recruitment was more related to distance from the
                alternate host J. oxycedrus than to distance from conspecifics. These results
                demonstrate that the complexity of pathogen life cycle may impact recruitment and
                the development of interspecific plant-plant interactions in real plant
                communities.</subfield>
        </datafield>
        <datafield tag="592" ind1=" " ind2=" ">
            <subfield code="a">Publisher supplied data</subfield>
        </datafield>
        <datafield tag="593" ind1=" " ind2=" ">
            <subfield code="a">PubAg article</subfield>
        </datafield>
        <datafield tag="650" ind1=" " ind2="3">
            <subfield code="a">Crataegus monogyna</subfield>
        </datafield>
        <datafield tag="650" ind1=" " ind2="3">
            <subfield code="a">Gymnosporangium</subfield>
        </datafield>
        <datafield tag="650" ind1=" " ind2="3">
            <subfield code="a">Quercus faginea</subfield>
        </datafield>
        <datafield tag="650" ind1=" " ind2="3">
            <subfield code="a">fungi</subfield>
        </datafield>
        <datafield tag="650" ind1=" " ind2="3">
            <subfield code="a">host plants</subfield>
        </datafield>
        <datafield tag="650" ind1=" " ind2="3">
            <subfield code="a">leaves</subfield>
        </datafield>
        <datafield tag="650" ind1=" " ind2="3">
            <subfield code="a">plant communities</subfield>
        </datafield>
        <datafield tag="650" ind1=" " ind2="3">
            <subfield code="a">plant pathogens</subfield>
        </datafield>
        <datafield tag="650" ind1=" " ind2="3">
            <subfield code="a">population dynamics</subfield>
        </datafield>
        <datafield tag="653" ind1=" " ind2="0">
            <subfield code="a">Canopy-recruit interactions</subfield>
        </datafield>
        <datafield tag="653" ind1=" " ind2="0">
            <subfield code="a">Distance-dependent recruitment</subfield>
        </datafield>
        <datafield tag="653" ind1=" " ind2="0">
            <subfield code="a">Forest community dynamics</subfield>
        </datafield>
        <datafield tag="653" ind1=" " ind2="0">
            <subfield code="a">Indirect interactions</subfield>
        </datafield>
        <datafield tag="653" ind1=" " ind2="0">
            <subfield code="a">Janzen-Connell</subfield>
        </datafield>
        <datafield tag="653" ind1=" " ind2="0">
            <subfield code="a">Phyllachoraceae</subfield>
        </datafield>
        <datafield tag="653" ind1=" " ind2="0">
            <subfield code="a">Plant species coexistence</subfield>
        </datafield>
        <datafield tag="653" ind1=" " ind2="0">
            <subfield code="a">Point pattern analysis</subfield>
        </datafield>
        <datafield tag="653" ind1=" " ind2="0">
            <subfield code="a">Pucciniaceae</subfield>
        </datafield>
        <datafield tag="653" ind1=" " ind2="0">
            <subfield code="a">Tree recruitment</subfield>
        </datafield>
        <datafield tag="700" ind1="1" ind2=" ">
            <subfield code="a">Garrido, José L.</subfield>
            <subfield code="e">author</subfield>
            <subfield code="u">Depto. Microbiología del Suelo y Sistemas Simbióticos. Estación
                Experimental del Zaidín, Consejo Superior de Investigaciones Científicas (EEZ-CSIC),
                Granada, Spain</subfield>
        </datafield>
        <datafield tag="700" ind1="1" ind2=" ">
            <subfield code="a">Fedriani, Jose M.</subfield>
            <subfield code="e">author</subfield>
            <subfield code="u">Depto. Biología de la Conservación, Estación Biológica de Doñana,
                Consejo Superior de Investigaciones Científicas (EBD-CSIC), Sevilla,
                Spain</subfield>
        </datafield>
        <datafield tag="700" ind1="1" ind2=" ">
            <subfield code="a">Rey, Pedro J.</subfield>
            <subfield code="e">author</subfield>
            <subfield code="u">Depto. Biología Animal, Biología Vegetal y Ecología. Universidad de
                Jaén, Spain</subfield>
        </datafield>
        <datafield tag="700" ind1="1" ind2=" ">
            <subfield code="a">Alcántara, Julio M.</subfield>
            <subfield code="e">author</subfield>
            <subfield code="u">Depto. Biología Animal, Biología Vegetal y Ecología. Universidad de
                Jaén, Spain</subfield>
        </datafield>
        <datafield tag="773" ind1="0" ind2=" ">
            <subfield code="t">Fungal ecology.</subfield>
            <subfield code="g">2020 Oct., v. 47 p.100974-</subfield>
            <subfield code="d">Elsevier Ltd</subfield>
            <subfield code="w">Journal:J000000080</subfield>
            <subfield code="x">1754-5048</subfield>
            <subfield code="7">nnas</subfield>
        </datafield>
        <datafield tag="787" ind1="1" ind2=" ">
            <subfield code="o">islandora_article_repository</subfield>
        </datafield>
        <datafield tag="787" ind1="1" ind2=" ">
            <subfield code="o">product_pubag</subfield>
        </datafield>
        <datafield tag="787" ind1="1" ind2=" ">
            <subfield code="o">(Journal)J000000080</subfield>
        </datafield>
        <datafield tag="856" ind1="4" ind2="0">
            <subfield code="u">https://dx.doi.org/10.1016/j.funeco.2020.100974</subfield>
            <subfield code="3">Available from publisher's site</subfield>
        </datafield>
        <datafield tag="912" ind1=" " ind2=" ">
            <subfield code="a">Article</subfield>
        </datafield>
        <datafield tag="914" ind1=" " ind2=" ">
            <subfield code="a">Journal:J000000080</subfield>
            <subfield code="b">1754-5048</subfield>
            <subfield code="c">47</subfield>
            <subfield code="e">100974</subfield>
        </datafield>
        <datafield tag="914" ind1=" " ind2=" ">
            <subfield code="f">Fungal ecology</subfield>
        </datafield>
        <datafield tag="916" ind1=" " ind2=" ">
            <subfield code="a">Batch:2617</subfield>
        </datafield>
        <datafield tag="917" ind1=" " ind2=" ">
            <subfield code="a">issued</subfield>
        </datafield>
        <datafield tag="918" ind1="2" ind2=" ">
            <subfield code="a">Elsevier Consyn</subfield>
            <subfield code="e">provider</subfield>
            <subfield code="5">DNAL</subfield>
        </datafield>
        <datafield tag="935" ind1=" " ind2=" ">
            <subfield code="a">IND607014186</subfield>
            <subfield code="9">ExL</subfield>
        </datafield>
        <datafield tag="949" ind1=" " ind2=" ">
            <subfield code="a">2020-12-10</subfield>
        </datafield>
        <datafield tag="953" ind1=" " ind2=" ">
            <subfield code="a">/data/metadata/incoming/consyn/110396845975437515-00004-HEAD-ONLY-NEW
                CONSYN ISSNS.zip</subfield>
        </datafield>
        <datafield tag="954" ind1=" " ind2=" ">
            <subfield code="a">file:/data/metadata/staging/consyn/S1754504820300866.xml</subfield>
        </datafield>
        <datafield tag="955" ind1=" " ind2=" ">
            <subfield code="a">/data/metadata/staging/consyn/</subfield>
        </datafield>
        <datafield tag="974" ind1=" " ind2=" ">
            <subfield code="a">agid:7014186</subfield>
        </datafield>
        <datafield tag="983" ind1=" " ind2=" ">
            <subfield code="a">2020-10-24</subfield>
        </datafield>
        <datafield tag="984" ind1=" " ind2=" ">
            <subfield code="a">2020-12-10</subfield>
        </datafield>
    </record>