
    <record>
        <leader>06278nab a2200829 u 4500</leader>
        <controlfield tag="001">9916305051407426</controlfield>
        <controlfield tag="005">20221118115704.0</controlfield>
        <controlfield tag="008">211007e20211001xx |||||o|||||||||||eng||</controlfield>
        <datafield tag="016" ind1="7" ind2=" ">
            <subfield code="a">IND607443283</subfield>
            <subfield code="2">DNAL</subfield>
        </datafield>
        <datafield tag="024" ind1="7" ind2=" ">
            <subfield code="a">10.1016/j.foreco.2021.119480</subfield>
            <subfield code="2">doi</subfield>
        </datafield>
        <datafield tag="035" ind1=" " ind2=" ">
            <subfield code="a">agid:7443283-01nal_inst</subfield>
        </datafield>
        <datafield tag="040" ind1=" " ind2=" ">
            <subfield code="a">AGL</subfield>
            <subfield code="b">eng</subfield>
            <subfield code="c">AGL</subfield>
        </datafield>
        <datafield tag="100" ind1="1" ind2=" ">
            <subfield code="a">Donfack, Laura Somenguem</subfield>
            <subfield code="e">author</subfield>
            <subfield code="u">University of Goettingen, Silviculture and Forest Ecology of the
                Temperate Zones, Büsgenweg 1, 37077 Göttingen, Germany</subfield>
        </datafield>
        <datafield tag="245" ind1="1" ind2="0">
            <subfield code="a">Microclimate and land surface temperature in a biodiversity enriched
                oil palm plantation</subfield>
        </datafield>
        <datafield tag="520" ind1=" " ind2=" ">
            <subfield code="a">Agroforestry options such as mixed-species tree planting and natural
                regeneration in oil palm plantations may alleviate negative effects of forest loss
                on biodiversity and ecosystem functioning. The effects of agroforestry on
                microclimate and land surface temperatures (LST) remain largely unknown despite
                their central role in controlling abiotic and biotic factors and in buffering
                climate at a larger scale. We assessed spatial and temporal microclimate and LST
                variability in a biodiversity enrichment experiment, in which tree islands have been
                planted in an oil palm plantation in Sumatra (Indonesia). Four years after
                establishment of the experiment, we measured microclimate and LST using mini
                microclimate sensors and drone-recorded thermal images. We examined experimental
                effects of tree species richness (0, 1, 2, 3 or 6), plot size (25 m², 100 m²,
                400 m², 1600 m²) and stand structural complexity on microclimate and LST. Diurnal
                patterns showed ambient air temperature peaks and relative humidity (RH) minima at
                3 pm, whereas diurnal soil temperatures peaked around 6 pm. The lowest LST were
                observed from oil palm canopy leaves and the highest from bare soils and understorey
                vegetation (including trees). Spatial and temporal ranges of ambient air temperature
                were smaller than LST ranges, and average ambient air temperature and LST were
                positively correlated. Tree species diversity had no overall significant effect
                neither on microclimate nor LST, but humidity was higher in planted tree islands
                compared to natural regeneration only. Smaller plots were characterized by higher
                mean air, soil and LST, compared to larger plots. Structurally complex plots were
                associated with low mean and maximum values of ambient air temperature, soil
                temperature and LST and high mean and minimum RH. Still, conditions were hotter and
                drier in several experimental plots compared to conventional oil palm plantations,
                considering a higher transpiration in the latest. We conclude that stand structural
                complexity and tree island size control microclimate and LST in the experimental oil
                palm agroforests, but alleviating the harsh microclimate conditions in oil palm
                plantations might take longer to occur.</subfield>
        </datafield>
        <datafield tag="592" ind1=" " ind2=" ">
            <subfield code="a">Publisher supplied data</subfield>
        </datafield>
        <datafield tag="593" ind1=" " ind2=" ">
            <subfield code="a">PubAg article</subfield>
        </datafield>
        <datafield tag="650" ind1=" " ind2="3">
            <subfield code="a">Elaeis guineensis</subfield>
        </datafield>
        <datafield tag="650" ind1=" " ind2="3">
            <subfield code="a">administrative management</subfield>
        </datafield>
        <datafield tag="650" ind1=" " ind2="3">
            <subfield code="a">agroforestry</subfield>
        </datafield>
        <datafield tag="650" ind1=" " ind2="3">
            <subfield code="a">air</subfield>
        </datafield>
        <datafield tag="650" ind1=" " ind2="3">
            <subfield code="a">ambient temperature</subfield>
        </datafield>
        <datafield tag="650" ind1=" " ind2="3">
            <subfield code="a">canopy</subfield>
        </datafield>
        <datafield tag="650" ind1=" " ind2="3">
            <subfield code="a">forest ecology</subfield>
        </datafield>
        <datafield tag="650" ind1=" " ind2="3">
            <subfield code="a">forests</subfield>
        </datafield>
        <datafield tag="650" ind1=" " ind2="3">
            <subfield code="a">microclimate</subfield>
        </datafield>
        <datafield tag="650" ind1=" " ind2="3">
            <subfield code="a">natural regeneration</subfield>
        </datafield>
        <datafield tag="650" ind1=" " ind2="3">
            <subfield code="a">relative humidity</subfield>
        </datafield>
        <datafield tag="650" ind1=" " ind2="3">
            <subfield code="a">soil temperature</subfield>
        </datafield>
        <datafield tag="650" ind1=" " ind2="3">
            <subfield code="a">species richness</subfield>
        </datafield>
        <datafield tag="650" ind1=" " ind2="3">
            <subfield code="a">surface temperature</subfield>
        </datafield>
        <datafield tag="650" ind1=" " ind2="3">
            <subfield code="a">transpiration</subfield>
        </datafield>
        <datafield tag="650" ind1=" " ind2="3">
            <subfield code="a">trees</subfield>
        </datafield>
        <datafield tag="650" ind1=" " ind2="3">
            <subfield code="a">understory</subfield>
        </datafield>
        <datafield tag="651" ind1=" " ind2="3">
            <subfield code="a">Indonesia</subfield>
        </datafield>
        <datafield tag="653" ind1=" " ind2="0">
            <subfield code="a">LST</subfield>
        </datafield>
        <datafield tag="653" ind1=" " ind2="0">
            <subfield code="a">RH</subfield>
        </datafield>
        <datafield tag="653" ind1=" " ind2="0">
            <subfield code="a">Land surface temperature</subfield>
        </datafield>
        <datafield tag="653" ind1=" " ind2="0">
            <subfield code="a">iButton</subfield>
        </datafield>
        <datafield tag="653" ind1=" " ind2="0">
            <subfield code="a">Drone-based thermography</subfield>
        </datafield>
        <datafield tag="653" ind1=" " ind2="0">
            <subfield code="a">Oil palm</subfield>
        </datafield>
        <datafield tag="653" ind1=" " ind2="0">
            <subfield code="a">Biodiversity enrichment agroforestry experiment</subfield>
        </datafield>
        <datafield tag="700" ind1="1" ind2=" ">
            <subfield code="a">Röll, Alexander</subfield>
            <subfield code="e">author</subfield>
            <subfield code="u">University of Goettingen, Tropical Silviculture and Forest Ecology,
                Büsgenweg 1, 37077 Göttingen, Germany</subfield>
        </datafield>
        <datafield tag="700" ind1="1" ind2=" ">
            <subfield code="a">Ellsäßer, Florian</subfield>
            <subfield code="e">author</subfield>
            <subfield code="u">University of Goettingen, Tropical Silviculture and Forest Ecology,
                Büsgenweg 1, 37077 Göttingen, Germany</subfield>
        </datafield>
        <datafield tag="700" ind1="1" ind2=" ">
            <subfield code="a">Ehbrecht, Martin</subfield>
            <subfield code="e">author</subfield>
            <subfield code="u">University of Goettingen, Silviculture and Forest Ecology of the
                Temperate Zones, Büsgenweg 1, 37077 Göttingen, Germany</subfield>
        </datafield>
        <datafield tag="700" ind1="1" ind2=" ">
            <subfield code="a">Irawan, Bambang</subfield>
            <subfield code="e">author</subfield>
            <subfield code="u">University of Jambi, Faculty of Forestry, Jln Raya Jambi, 36361
                Jambi, Indonesia</subfield>
        </datafield>
        <datafield tag="700" ind1="1" ind2=" ">
            <subfield code="a">Hölscher, Dirk</subfield>
            <subfield code="e">author</subfield>
            <subfield code="u">University of Goettingen, Tropical Silviculture and Forest Ecology,
                Büsgenweg 1, 37077 Göttingen, Germany</subfield>
        </datafield>
        <datafield tag="700" ind1="1" ind2=" ">
            <subfield code="a">Knohl, Alexander</subfield>
            <subfield code="e">author</subfield>
            <subfield code="u">University of Goettingen, Centre of Biodiversity and Sustainable Land
                Use, Büsgenweg 1, 37077 Göttingen, Germany</subfield>
        </datafield>
        <datafield tag="700" ind1="1" ind2=" ">
            <subfield code="a">Kreft, Holger</subfield>
            <subfield code="e">author</subfield>
            <subfield code="u">University of Goettingen, Biodiversity, Macroecology and
                Biogeography, Büsgenweg 1, 37077 Göttingen, Germany</subfield>
        </datafield>
        <datafield tag="700" ind1="1" ind2=" ">
            <subfield code="a">Siahaan, Eduard J.</subfield>
            <subfield code="e">author</subfield>
            <subfield code="u">University of Jambi, Faculty of Forestry, Jln Raya Jambi, 36361
                Jambi, Indonesia</subfield>
        </datafield>
        <datafield tag="700" ind1="1" ind2=" ">
            <subfield code="a">Sundawati, Leti</subfield>
            <subfield code="e">author</subfield>
            <subfield code="u">Bogor Agricultural University, Department of Forest Management,
                Kampus IPB Darmaga, 16680 Bogor, Indonesia</subfield>
        </datafield>
        <datafield tag="700" ind1="1" ind2=" ">
            <subfield code="a">Stiegler, Christian</subfield>
            <subfield code="e">author</subfield>
            <subfield code="u">University of Goettingen, Bioclimatology, Büsgenweg 2, 37077
                Göttingen, Germany</subfield>
        </datafield>
        <datafield tag="700" ind1="1" ind2=" ">
            <subfield code="a">Zemp, Delphine Clara</subfield>
            <subfield code="e">author</subfield>
            <subfield code="u">University of Goettingen, Biodiversity, Macroecology and
                Biogeography, Büsgenweg 1, 37077 Göttingen, Germany</subfield>
        </datafield>
        <datafield tag="773" ind1="0" ind2=" ">
            <subfield code="t">Forest ecology and management.</subfield>
            <subfield code="g">2021 Oct. 01, v. 497 p.119480-</subfield>
            <subfield code="d">Elsevier B.V.</subfield>
            <subfield code="w">Journal:jnl9013</subfield>
            <subfield code="x">0378-1127</subfield>
            <subfield code="7">nnas</subfield>
        </datafield>
        <datafield tag="787" ind1="1" ind2=" ">
            <subfield code="o">islandora_article_repository</subfield>
        </datafield>
        <datafield tag="787" ind1="1" ind2=" ">
            <subfield code="o">product_pubag</subfield>
        </datafield>
        <datafield tag="787" ind1="1" ind2=" ">
            <subfield code="o">(Journal)jnl9013</subfield>
        </datafield>
        <datafield tag="856" ind1="4" ind2="0">
            <subfield code="u">https://dx.doi.org/10.1016/j.foreco.2021.119480</subfield>
            <subfield code="3">Available from publisher's site</subfield>
        </datafield>
        <datafield tag="912" ind1=" " ind2=" ">
            <subfield code="a">Article</subfield>
        </datafield>
        <datafield tag="914" ind1=" " ind2=" ">
            <subfield code="a">Journal:jnl9013</subfield>
            <subfield code="b">0378-1127</subfield>
            <subfield code="c">497</subfield>
            <subfield code="e">119480</subfield>
        </datafield>
        <datafield tag="914" ind1=" " ind2=" ">
            <subfield code="f">Forest ecology and management</subfield>
        </datafield>
        <datafield tag="917" ind1=" " ind2=" ">
            <subfield code="a">issued</subfield>
        </datafield>
        <datafield tag="918" ind1="2" ind2=" ">
            <subfield code="a">Elsevier Consyn</subfield>
            <subfield code="e">provider</subfield>
            <subfield code="5">DNAL</subfield>
        </datafield>
        <datafield tag="935" ind1=" " ind2=" ">
            <subfield code="a">IND607443283</subfield>
            <subfield code="9">ExL</subfield>
        </datafield>
        <datafield tag="949" ind1=" " ind2=" ">
            <subfield code="a">2022-04-19</subfield>
        </datafield>
        <datafield tag="952" ind1=" " ind2=" ">
            <subfield code="d">NAL-AP-2-clean</subfield>
        </datafield>
        <datafield tag="953" ind1=" " ind2=" ">
            <subfield code="a"
                >/data/metadata/incoming/consyn/157994240816428867-00001-HEAD-ONLY-REVISEDSUBJECTLIST.zip</subfield>
        </datafield>
        <datafield tag="954" ind1=" " ind2=" ">
            <subfield code="a">file:/data/metadata/staging/consyn/S0378112721005697.xml</subfield>
        </datafield>
        <datafield tag="955" ind1=" " ind2=" ">
            <subfield code="a">/data/metadata/staging/consyn/</subfield>
        </datafield>
        <datafield tag="974" ind1=" " ind2=" ">
            <subfield code="a">agid:7443283</subfield>
        </datafield>
        <datafield tag="983" ind1=" " ind2=" ">
            <subfield code="a">2021-10-07</subfield>
        </datafield>
        <datafield tag="984" ind1=" " ind2=" ">
            <subfield code="a">2022-04-19</subfield>
        </datafield>
    </record>