
    <record>
        <leader>04982nab a2200877 u 4500</leader>
        <controlfield tag="001">9916305997507426</controlfield>
        <controlfield tag="005">20081011004358.0</controlfield>
        <controlfield tag="008">080530e20080630xx |||||o|||||||||||eng||</controlfield>
        <datafield tag="016" ind1="7" ind2=" ">
            <subfield code="a">IND44061650</subfield>
            <subfield code="2">DNAL</subfield>
        </datafield>
        <datafield tag="024" ind1="7" ind2=" ">
            <subfield code="a">10.1016/j.agrformet.2007.11.013</subfield>
            <subfield code="2">doi</subfield>
        </datafield>
        <datafield tag="024" ind1="7" ind2=" ">
            <subfield code="a">10113/18864</subfield>
            <subfield code="2">hdl</subfield>
        </datafield>
        <datafield tag="035" ind1=" " ind2=" ">
            <subfield code="a">agid:18864-01nal_inst</subfield>
        </datafield>
        <datafield tag="040" ind1=" " ind2=" ">
            <subfield code="a">AGL</subfield>
            <subfield code="b">eng</subfield>
            <subfield code="c">AGL</subfield>
        </datafield>
        <datafield tag="072" ind1=" " ind2="0">
            <subfield code="a">F600</subfield>
        </datafield>
        <datafield tag="072" ind1=" " ind2="0">
            <subfield code="a">K001</subfield>
        </datafield>
        <datafield tag="072" ind1=" " ind2="0">
            <subfield code="a">J200</subfield>
        </datafield>
        <datafield tag="072" ind1=" " ind2="0">
            <subfield code="a">X100</subfield>
        </datafield>
        <datafield tag="100" ind1="1" ind2=" ">
            <subfield code="a">Bucci, Sandra J.</subfield>
        </datafield>
        <datafield tag="245" ind1="1" ind2="0">
            <subfield code="a">Controls on stand transpiration and soil water utilization along a
                tree density gradient in a Neotropical savanna</subfield>
        </datafield>
        <datafield tag="300" ind1=" " ind2=" ">
            <subfield code="a">p. 839-849.</subfield>
        </datafield>
        <datafield tag="500" ind1=" " ind2=" ">
            <subfield code="a">Includes references</subfield>
        </datafield>
        <datafield tag="500" ind1=" " ind2=" ">
            <subfield code="a">2019-12-04</subfield>
        </datafield>
        <datafield tag="520" ind1=" " ind2=" ">
            <subfield code="a">Environmental controls of stand-level tree transpiration (E) and
                seasonal patterns of soil water utilization were studied in five central Brazilian
                savanna (Cerrado) sites differing in tree density. Tree density of Cerrado
                vegetation in the study area consistently changes along topographic gradients from
                ~1000treesha⁻¹ in open savannas (campo sujo) at the lower end of the topographic
                gradient to &gt;3000treesha⁻¹ in woodlands (cerradão) at the upper end of the
                gradient. Tree canopy resistance (r C) increased linearly with increasing daily mean
                air saturation deficit (D) at all sites, but cerradão and cerrado denso sites with
                higher tree density and higher tree leaf area index (LAI) had lower r C values at
                all values of D compared to physiognomies with lower tree density, suggesting that r
                C was less sensitive to changes in D in physiognomies with high tree density and
                LAI. During the peak of the dry season, mean soil water potential at 0.20m depth was
                most negative in the sites with the lowest tree basal area and increased linearly
                with basal area across sites. In contrast, soil water storage in the 0.10-2.50m
                layer decreased exponentially with increasing basal area, consistent with trees in
                higher density sites utilizing a larger proportion of available soil water at depth
                during the dry season. Maximum tree transpiration was highest in the cerradão and
                cerrado denso (~0.81mmday⁻¹). Despite higher evaporative demand during the dry
                season, E was similar between the dry and wet seasons within each study site, which
                was associated with lower LAI and canopy conductance (g C) during the dry season
                compared to the wet season. Leaf area index was a good predictor of E and g C. For
                both dry and wet season data combined, E increased asymptotically with increasing
                LAI across all physiognomic types, allowing LAI to be used as a predictor of spatial
                variation of E. The lack of seasonality in E across the Cerrado physiognomies
                studied could not be explained by individual constraining variables such as D or
                soil water potential near the surface, but was consistent with the influence of
                multiple regulatory effects of D and soil water potential on seasonal changes in
                leaf area and g C.</subfield>
        </datafield>
        <datafield tag="593" ind1=" " ind2=" ">
            <subfield code="a">PubAg article</subfield>
        </datafield>
        <datafield tag="593" ind1=" " ind2=" ">
            <subfield code="c">USDA submission</subfield>
        </datafield>
        <datafield tag="650" ind1=" " ind2="3">
            <subfield code="a">soil water storage</subfield>
        </datafield>
        <datafield tag="650" ind1=" " ind2="3">
            <subfield code="a">soil water content</subfield>
        </datafield>
        <datafield tag="650" ind1=" " ind2="3">
            <subfield code="a">equations</subfield>
        </datafield>
        <datafield tag="650" ind1=" " ind2="3">
            <subfield code="a">leaf area index</subfield>
        </datafield>
        <datafield tag="650" ind1=" " ind2="3">
            <subfield code="a">trees</subfield>
        </datafield>
        <datafield tag="650" ind1=" " ind2="3">
            <subfield code="a">stand density</subfield>
        </datafield>
        <datafield tag="650" ind1=" " ind2="3">
            <subfield code="a">seasonal variation</subfield>
        </datafield>
        <datafield tag="650" ind1=" " ind2="3">
            <subfield code="a">wet season</subfield>
        </datafield>
        <datafield tag="650" ind1=" " ind2="3">
            <subfield code="a">soil water potential</subfield>
        </datafield>
        <datafield tag="650" ind1=" " ind2="3">
            <subfield code="a">woodlands</subfield>
        </datafield>
        <datafield tag="650" ind1=" " ind2="3">
            <subfield code="a">altitude</subfield>
        </datafield>
        <datafield tag="650" ind1=" " ind2="3">
            <subfield code="a">stand basal area</subfield>
        </datafield>
        <datafield tag="650" ind1=" " ind2="3">
            <subfield code="a">cerrado</subfield>
        </datafield>
        <datafield tag="650" ind1=" " ind2="3">
            <subfield code="a">leaf conductance</subfield>
        </datafield>
        <datafield tag="651" ind1=" " ind2="3">
            <subfield code="a">Brazil</subfield>
        </datafield>
        <datafield tag="653" ind1=" " ind2="0">
            <subfield code="a">topography</subfield>
        </datafield>
        <datafield tag="653" ind1=" " ind2="0">
            <subfield code="a">air saturation deficit</subfield>
        </datafield>
        <datafield tag="653" ind1=" " ind2="0">
            <subfield code="a">tree canopy resistance</subfield>
        </datafield>
        <datafield tag="653" ind1=" " ind2="0">
            <subfield code="a">canopy conductance</subfield>
        </datafield>
        <datafield tag="653" ind1=" " ind2="0">
            <subfield code="a">transpiration</subfield>
        </datafield>
        <datafield tag="653" ind1=" " ind2="0">
            <subfield code="a">plant-water relations</subfield>
        </datafield>
        <datafield tag="653" ind1=" " ind2="0">
            <subfield code="a">basal area</subfield>
        </datafield>
        <datafield tag="700" ind1="1" ind2=" ">
            <subfield code="a">Scholz, Fabian G.</subfield>
        </datafield>
        <datafield tag="700" ind1="1" ind2=" ">
            <subfield code="a">Goldstein, Guillermo</subfield>
        </datafield>
        <datafield tag="700" ind1="1" ind2=" ">
            <subfield code="a">Hoffmann, William A.</subfield>
        </datafield>
        <datafield tag="700" ind1="1" ind2=" ">
            <subfield code="a">Meinzer, Frederick C.</subfield>
        </datafield>
        <datafield tag="700" ind1="1" ind2=" ">
            <subfield code="a">Franco, Augusto C.</subfield>
        </datafield>
        <datafield tag="700" ind1="1" ind2=" ">
            <subfield code="a">Giambelluca, Thomas</subfield>
        </datafield>
        <datafield tag="700" ind1="1" ind2=" ">
            <subfield code="a">Miralles-Wilhelm, Fernando</subfield>
        </datafield>
        <datafield tag="773" ind1="0" ind2=" ">
            <subfield code="t">Agricultural and forest meteorology.</subfield>
            <subfield code="g">2008 June 30, v. 148, no. 6-7 p.839-849</subfield>
            <subfield code="d">Elsevier Science Ltd.</subfield>
            <subfield code="x">0168-1923</subfield>
            <subfield code="7">nnas</subfield>
        </datafield>
        <datafield tag="787" ind1="1" ind2=" ">
            <subfield code="o">product_pubag</subfield>
        </datafield>
        <datafield tag="787" ind1="1" ind2=" ">
            <subfield code="o">islandora_article_repository</subfield>
        </datafield>
        <datafield tag="787" ind1="1" ind2=" ">
            <subfield code="o">islandora_pubag_with_text</subfield>
        </datafield>
        <datafield tag="787" ind1="1" ind2=" ">
            <subfield code="o">(Journal)jnl43250</subfield>
        </datafield>
        <datafield tag="852" ind1=" " ind2=" ">
            <subfield code="a">DNAL</subfield>
        </datafield>
        <datafield tag="856" ind1="4" ind2="0">
            <subfield code="u">https://handle.nal.usda.gov/10113/18864</subfield>
            <subfield code="3">Available in the National Agricultural Library PubAg search
                system</subfield>
        </datafield>
        <datafield tag="856" ind1="4" ind2="0">
            <subfield code="u">http://dx.doi.org/10.1016/j.agrformet.2007.11.013</subfield>
            <subfield code="3">Available from publisher's Web site</subfield>
        </datafield>
        <datafield tag="912" ind1=" " ind2=" ">
            <subfield code="a">Article</subfield>
        </datafield>
        <datafield tag="914" ind1=" " ind2=" ">
            <subfield code="a">Journal:jnl43250</subfield>
            <subfield code="b">0168-1923</subfield>
            <subfield code="c">148</subfield>
            <subfield code="d">6-7</subfield>
            <subfield code="e">839</subfield>
        </datafield>
        <datafield tag="914" ind1=" " ind2=" ">
            <subfield code="f">Agricultural and forest meteorology</subfield>
        </datafield>
        <datafield tag="917" ind1=" " ind2=" ">
            <subfield code="a">issued</subfield>
        </datafield>
        <datafield tag="930" ind1=" " ind2=" ">
            <subfield code="a">20080915</subfield>
            <subfield code="b">20081011</subfield>
            <subfield code="c">00000000</subfield>
        </datafield>
        <datafield tag="935" ind1=" " ind2=" ">
            <subfield code="a">IND44061650</subfield>
            <subfield code="9">ExL</subfield>
        </datafield>
        <datafield tag="945" ind1=" " ind2=" ">
            <subfield code="a">IND</subfield>
            <subfield code="d">2CT</subfield>
            <subfield code="e">2008/08/26</subfield>
        </datafield>
        <datafield tag="946" ind1=" " ind2=" ">
            <subfield code="a">Other US</subfield>
        </datafield>
        <datafield tag="949" ind1=" " ind2=" ">
            <subfield code="a">2016-09-13</subfield>
        </datafield>
        <datafield tag="952" ind1=" " ind2=" ">
            <subfield code="a">20080915 20081011 00000000</subfield>
            <subfield code="b">IND 2CT 2008/08/26</subfield>
        </datafield>
        <datafield tag="961" ind1=" " ind2=" ">
            <subfield code="a">USDA/FS</subfield>
        </datafield>
        <datafield tag="974" ind1=" " ind2=" ">
            <subfield code="a">agid:18864</subfield>
        </datafield>
        <datafield tag="984" ind1=" " ind2=" ">
            <subfield code="a">2008-10-11</subfield>
        </datafield>
        <datafield tag="985" ind1=" " ind2=" ">
            <subfield code="a">Converted from MARCXML to MODS version 3.4 using
                MARC21slim2MODS3-4.xsl (Revision 1.95 2014/04/23)</subfield>
        </datafield>
        <datafield tag="986" ind1=" " ind2=" ">
            <subfield code="a">4061650</subfield>
        </datafield>
    </record>