
    <record>
        <leader>04677nab a2200709 u 4500</leader>
        <controlfield tag="001">9916306974807426</controlfield>
        <controlfield tag="005">20221118060154.0</controlfield>
        <controlfield tag="008">190403e20160501xx |||||o|||||||||||eng||</controlfield>
        <datafield tag="016" ind1="7" ind2=" ">
            <subfield code="a">IND605262302</subfield>
            <subfield code="2">DNAL</subfield>
        </datafield>
        <datafield tag="024" ind1="7" ind2=" ">
            <subfield code="a">10.1016/j.foreco.2016.02.018</subfield>
            <subfield code="2">doi</subfield>
        </datafield>
        <datafield tag="035" ind1=" " ind2=" ">
            <subfield code="a">agid:5262302-01nal_inst</subfield>
        </datafield>
        <datafield tag="040" ind1=" " ind2=" ">
            <subfield code="a">AGL</subfield>
            <subfield code="b">eng</subfield>
            <subfield code="c">AGL</subfield>
        </datafield>
        <datafield tag="100" ind1="1" ind2=" ">
            <subfield code="a">Trogisch, Stefan</subfield>
            <subfield code="e">author</subfield>
            <subfield code="u">Institute of Biology/Geobotany and Botanical Garden, Martin Luther
                University Halle-Wittenberg, D-06108 Halle (Saale), Germany</subfield>
            <subfield code="1">https://orcid.org/0000-0002-1426-1012</subfield>
        </datafield>
        <datafield tag="245" ind1="1" ind2="0">
            <subfield code="a">Spatio-temporal water uptake patterns of tree saplings are not
                altered by interspecific interaction in the early stage of a subtropical
                forest</subfield>
        </datafield>
        <datafield tag="300" ind1=" " ind2=" ">
            <subfield code="a">p. 52-61.</subfield>
        </datafield>
        <datafield tag="520" ind1=" " ind2=" ">
            <subfield code="a">Complementary resource use has often been claimed to explain positive
                effects of plant diversity on ecosystem functioning, but the underlying mechanisms
                of complementarity have rarely been directly quantified in forest systems. The aim
                of this study was to characterize spatial and temporal water uptake of subtropical
                tree saplings, to assess the role of interspecific interaction on water uptake
                patterns and to quantify species niche breadth and overlap. Our experiment comprised
                two deciduous (Castanea henryi, Quercus serrata) and two evergreen tree species
                (Elaeocarpus decipiens, Schima superba) that were each planted in monoculture and
                4-species mixture. We used deuterium-enriched water to trace seasonal water uptake
                from 5cm and 20cm soil depth. Castanea exploited predominantly the upper soil (74%
                of overall tracer uptake across treatments) whereas Quercus (50%), Elaeocarpus (57%)
                and Schima (62%) tended to use both soil layers more equally. Species identity had
                an overall significant effect on isotopic enrichment in stem water. There was no
                effect of species richness: niche breadth and overlap of single species was not
                affected by interspecific interactions in mixtures. Niche overlap between deciduous
                species was lowest (74%) whereas the two evergreen species had similar water uptake
                patterns (91%). According to our results, interspecific competition did not alter
                water uptake patterns of the studied species during the early phase of forest
                establishment. Thus, soil water uptake complementarity could only occur through
                inherent (fundamental) specific differences in water uptake niches based on sapling
                specialization, while phenotypic adjustments to interspecific interaction or
                neighbor diversity are less important.</subfield>
        </datafield>
        <datafield tag="592" ind1=" " ind2=" ">
            <subfield code="a">Publisher supplied data</subfield>
        </datafield>
        <datafield tag="593" ind1=" " ind2=" ">
            <subfield code="a">PubAg article</subfield>
        </datafield>
        <datafield tag="650" ind1=" " ind2="3">
            <subfield code="a">Castanea</subfield>
        </datafield>
        <datafield tag="650" ind1=" " ind2="3">
            <subfield code="a">Elaeocarpus</subfield>
        </datafield>
        <datafield tag="650" ind1=" " ind2="3">
            <subfield code="a">Quercus serrata</subfield>
        </datafield>
        <datafield tag="650" ind1=" " ind2="3">
            <subfield code="a">Schima superba</subfield>
        </datafield>
        <datafield tag="650" ind1=" " ind2="3">
            <subfield code="a">ecosystems</subfield>
        </datafield>
        <datafield tag="650" ind1=" " ind2="3">
            <subfield code="a">forests</subfield>
        </datafield>
        <datafield tag="650" ind1=" " ind2="3">
            <subfield code="a">interspecific competition</subfield>
        </datafield>
        <datafield tag="650" ind1=" " ind2="3">
            <subfield code="a">niches</subfield>
        </datafield>
        <datafield tag="650" ind1=" " ind2="3">
            <subfield code="a">phenotype</subfield>
        </datafield>
        <datafield tag="650" ind1=" " ind2="3">
            <subfield code="a">planting</subfield>
        </datafield>
        <datafield tag="650" ind1=" " ind2="3">
            <subfield code="a">saplings</subfield>
        </datafield>
        <datafield tag="650" ind1=" " ind2="3">
            <subfield code="a">soil depth</subfield>
        </datafield>
        <datafield tag="650" ind1=" " ind2="3">
            <subfield code="a">soil water</subfield>
        </datafield>
        <datafield tag="650" ind1=" " ind2="3">
            <subfield code="a">species diversity</subfield>
        </datafield>
        <datafield tag="650" ind1=" " ind2="3">
            <subfield code="a">water uptake</subfield>
        </datafield>
        <datafield tag="653" ind1=" " ind2="0">
            <subfield code="a">BEF-China</subfield>
        </datafield>
        <datafield tag="653" ind1=" " ind2="0">
            <subfield code="a">Deuterium</subfield>
        </datafield>
        <datafield tag="653" ind1=" " ind2="0">
            <subfield code="a">Niche differentiation</subfield>
        </datafield>
        <datafield tag="653" ind1=" " ind2="0">
            <subfield code="a">Resource complementarity</subfield>
        </datafield>
        <datafield tag="653" ind1=" " ind2="0">
            <subfield code="a">Stable isotopes</subfield>
        </datafield>
        <datafield tag="653" ind1=" " ind2="0">
            <subfield code="a">Subtropical broadleaved forest</subfield>
        </datafield>
        <datafield tag="700" ind1="1" ind2=" ">
            <subfield code="a">Salmon, Yann</subfield>
            <subfield code="e">author</subfield>
            <subfield code="u">Institute of Evolutionary Biology and Environmental Studies,
                University of Zurich, CH-8057 Zurich, Switzerland</subfield>
        </datafield>
        <datafield tag="700" ind1="1" ind2=" ">
            <subfield code="a">He, Jin-Sheng</subfield>
            <subfield code="e">author</subfield>
            <subfield code="u">Department of Ecology, College of Urban and Environmental Sciences
                and Key Laboratory for Earth Surface Processes of the Ministry of Education, Peking
                University, Beijing 100871, China</subfield>
        </datafield>
        <datafield tag="700" ind1="1" ind2=" ">
            <subfield code="a">Hector, Andy</subfield>
            <subfield code="e">author</subfield>
            <subfield code="u">Department of Plant Sciences, University of Oxford, OX1 3RB,
                UK</subfield>
        </datafield>
        <datafield tag="700" ind1="1" ind2=" ">
            <subfield code="a">Scherer-Lorenzen, Michael</subfield>
            <subfield code="e">author</subfield>
            <subfield code="u">Faculty of Biology, Geobotany, University of Freiburg, D-79104
                Freiburg, Germany</subfield>
        </datafield>
        <datafield tag="773" ind1="0" ind2=" ">
            <subfield code="t">Forest ecology and management.</subfield>
            <subfield code="g">2016 May 01, v. 367 p.52-61</subfield>
            <subfield code="d">Elsevier B.V.</subfield>
            <subfield code="w">Journal:jnl9013</subfield>
            <subfield code="x">0378-1127</subfield>
            <subfield code="7">nnas</subfield>
        </datafield>
        <datafield tag="787" ind1="1" ind2=" ">
            <subfield code="o">islandora_article_repository</subfield>
        </datafield>
        <datafield tag="787" ind1="1" ind2=" ">
            <subfield code="o">product_pubag</subfield>
        </datafield>
        <datafield tag="787" ind1="1" ind2=" ">
            <subfield code="o">(Journal)jnl9013</subfield>
        </datafield>
        <datafield tag="856" ind1="4" ind2="0">
            <subfield code="u">https://dx.doi.org/10.1016/j.foreco.2016.02.018</subfield>
            <subfield code="3">Available from publisher's site</subfield>
        </datafield>
        <datafield tag="912" ind1=" " ind2=" ">
            <subfield code="a">Article</subfield>
        </datafield>
        <datafield tag="914" ind1=" " ind2=" ">
            <subfield code="a">Journal:jnl9013</subfield>
            <subfield code="b">0378-1127</subfield>
            <subfield code="c">367</subfield>
            <subfield code="e">52</subfield>
        </datafield>
        <datafield tag="914" ind1=" " ind2=" ">
            <subfield code="f">Forest ecology and management</subfield>
        </datafield>
        <datafield tag="916" ind1=" " ind2=" ">
            <subfield code="a">Batch:1427</subfield>
        </datafield>
        <datafield tag="917" ind1=" " ind2=" ">
            <subfield code="a">issued</subfield>
        </datafield>
        <datafield tag="918" ind1="2" ind2=" ">
            <subfield code="a">Elsevier Consyn</subfield>
            <subfield code="e">provider</subfield>
            <subfield code="5">DNAL</subfield>
        </datafield>
        <datafield tag="935" ind1=" " ind2=" ">
            <subfield code="a">IND605262302</subfield>
            <subfield code="9">ExL</subfield>
        </datafield>
        <datafield tag="949" ind1=" " ind2=" ">
            <subfield code="a">2019-04-03</subfield>
        </datafield>
        <datafield tag="953" ind1=" " ind2=" ">
            <subfield code="a"
                >/data/metadata/incoming/consyn-backfiles/46-2-00065-HEAD-ONLY.zip</subfield>
        </datafield>
        <datafield tag="954" ind1=" " ind2=" ">
            <subfield code="a"
                >file:/data/metadata/staging/consyn-backfiles/S0378112716300391.xml</subfield>
        </datafield>
        <datafield tag="955" ind1=" " ind2=" ">
            <subfield code="a">/data/metadata/staging/consyn-backfiles/</subfield>
        </datafield>
        <datafield tag="974" ind1=" " ind2=" ">
            <subfield code="a">agid:5262302</subfield>
        </datafield>
        <datafield tag="983" ind1=" " ind2=" ">
            <subfield code="a">2019-04-03</subfield>
        </datafield>
        <datafield tag="984" ind1=" " ind2=" ">
            <subfield code="a">2019-04-03</subfield>
        </datafield>
    </record>