
    <record>
        <leader>06873nab a2201009 u 4500</leader>
        <controlfield tag="001">9916307115907426</controlfield>
        <controlfield tag="005">20221118061431.0</controlfield>
        <controlfield tag="008">190403e20161115xx |||||o|||||||||||eng||</controlfield>
        <datafield tag="016" ind1="7" ind2=" ">
            <subfield code="a">IND605262345</subfield>
            <subfield code="2">DNAL</subfield>
        </datafield>
        <datafield tag="024" ind1="7" ind2=" ">
            <subfield code="a">10.1016/j.foreco.2016.03.025</subfield>
            <subfield code="2">chorus</subfield>
        </datafield>
        <datafield tag="024" ind1="7" ind2=" ">
            <subfield code="a">10.1016/j.foreco.2016.03.025</subfield>
            <subfield code="2">doi</subfield>
        </datafield>
        <datafield tag="024" ind1="7" ind2=" ">
            <subfield code="a">10.1016/j.foreco.2016.03.025</subfield>
            <subfield code="2">chorusOpen</subfield>
        </datafield>
        <datafield tag="035" ind1=" " ind2=" ">
            <subfield code="a">agid:5262345-01nal_inst</subfield>
        </datafield>
        <datafield tag="040" ind1=" " ind2=" ">
            <subfield code="a">AGL</subfield>
            <subfield code="b">eng</subfield>
            <subfield code="c">AGL</subfield>
        </datafield>
        <datafield tag="100" ind1="1" ind2=" ">
            <subfield code="a">Vose, James M.</subfield>
            <subfield code="e">author</subfield>
            <subfield code="u">U.S. Department of Agriculture, Forest Service, Southern Research
                Station, Center for Integrated Forest Science, Department of Forestry and
                Environmental Resources, Raleigh, NC 27695, United States</subfield>
        </datafield>
        <datafield tag="245" ind1="1" ind2="0">
            <subfield code="a">Ecohydrological implications of drought for forests in the United
                States</subfield>
        </datafield>
        <datafield tag="300" ind1=" " ind2=" ">
            <subfield code="a">p. 335-345.</subfield>
        </datafield>
        <datafield tag="500" ind1=" " ind2=" ">
            <subfield code="a">2019-12-06</subfield>
        </datafield>
        <datafield tag="506" ind1=" " ind2=" ">
            <subfield code="a">Resource is Open Access</subfield>
            <subfield code="f">Unrestricted online access</subfield>
            <subfield code="2">star</subfield>
        </datafield>
        <datafield tag="506" ind1=" " ind2=" ">
            <subfield code="a">Elsevier BV License Information</subfield>
            <subfield code="f">Unrestricted online access</subfield>
            <subfield code="2">star</subfield>
        </datafield>
        <datafield tag="506" ind1=" " ind2=" ">
            <subfield code="a">Resource is Open Access</subfield>
            <subfield code="u">http://purl.org/eprint/accessRights/OpenAccess</subfield>
            <subfield code="f">Unrestricted online access</subfield>
            <subfield code="2">star</subfield>
        </datafield>
        <datafield tag="506" ind1=" " ind2=" ">
            <subfield code="a">CHORUS License Information</subfield>
            <subfield code="f">Unrestricted online access</subfield>
            <subfield code="2">star</subfield>
        </datafield>
        <datafield tag="520" ind1=" " ind2=" ">
            <subfield code="a">The relationships among drought, surface water flow, and groundwater
                recharge are not straightforward for most forest ecosystems due to the strong role
                that vegetation plays in the forest water balance. Hydrologic responses to drought
                can be either mitigated or exacerbated by forest vegetation depending upon
                vegetation water use and how forest population dynamics respond to drought.
                Understanding how drought impacts ecosystems requires understanding how drought
                impacts ecohydrological processes. Because different species and functional groups
                vary in their ecophysiological traits that influence water use patterns, changes in
                species assemblages can alter hydrological processes from the stand to the watershed
                scales. Recent warming trends and more prolonged and frequent droughts have
                accelerated the spread and intensity of insect attacks in the western US that kill
                nearly all of the canopy trees within forest stands, changing the energy balance of
                the land surface and affecting many hydrologic processes. In contrast, some eastern
                forest tree species and size classes can tolerate drought better than others,
                suggesting the potential for drought-mediated shifts in both species composition and
                structure. Predicting how these changes will impact hydrologic processes at larger
                spatial and temporal scales presents a considerable challenge. The biogeochemical
                consequences of drought, such as changes in stream chemistry, are closely linked to
                vegetation dynamics and hydrologic responses. As with other natural disturbances,
                droughts are difficult to prepare for because they are unpredictable. However, there
                are management options that may be implemented to minimize the impacts of drought on
                water quantity and quality. Examples include reducing leaf area by thinning and
                regenerating cut forests with species that consume less water, although a high level
                of uncertainty in both drought projections and anticipated responses suggests the
                need for monitoring and adaptive management.</subfield>
        </datafield>
        <datafield tag="592" ind1=" " ind2=" ">
            <subfield code="a">Publisher supplied data</subfield>
        </datafield>
        <datafield tag="593" ind1=" " ind2=" ">
            <subfield code="a">PubAg article</subfield>
        </datafield>
        <datafield tag="596" ind1=" " ind2=" ">
            <subfield code="c">USDA Forest Service Southern Research Station</subfield>
            <subfield code="d">https://doi.org/10.13039/100006959</subfield>
        </datafield>
        <datafield tag="650" ind1=" " ind2="3">
            <subfield code="a">chemistry</subfield>
        </datafield>
        <datafield tag="650" ind1=" " ind2="3">
            <subfield code="a">drought</subfield>
        </datafield>
        <datafield tag="650" ind1=" " ind2="3">
            <subfield code="a">watersheds</subfield>
        </datafield>
        <datafield tag="650" ind1=" " ind2="3">
            <subfield code="a">insects</subfield>
        </datafield>
        <datafield tag="650" ind1=" " ind2="3">
            <subfield code="a">population dynamics</subfield>
        </datafield>
        <datafield tag="650" ind1=" " ind2="3">
            <subfield code="a">forests</subfield>
        </datafield>
        <datafield tag="650" ind1=" " ind2="3">
            <subfield code="a">uncertainty</subfield>
        </datafield>
        <datafield tag="650" ind1=" " ind2="3">
            <subfield code="a">forest stands</subfield>
        </datafield>
        <datafield tag="650" ind1=" " ind2="3">
            <subfield code="a">forest ecosystems</subfield>
        </datafield>
        <datafield tag="650" ind1=" " ind2="3">
            <subfield code="a">energy balance</subfield>
        </datafield>
        <datafield tag="650" ind1=" " ind2="3">
            <subfield code="a">surface water</subfield>
        </datafield>
        <datafield tag="650" ind1=" " ind2="3">
            <subfield code="a">forest trees</subfield>
        </datafield>
        <datafield tag="650" ind1=" " ind2="3">
            <subfield code="a">groundwater recharge</subfield>
        </datafield>
        <datafield tag="650" ind1=" " ind2="3">
            <subfield code="a">monitoring</subfield>
        </datafield>
        <datafield tag="650" ind1=" " ind2="3">
            <subfield code="a">leaf area</subfield>
        </datafield>
        <datafield tag="650" ind1=" " ind2="3">
            <subfield code="a">adaptive management</subfield>
        </datafield>
        <datafield tag="650" ind1=" " ind2="3">
            <subfield code="a">species diversity</subfield>
        </datafield>
        <datafield tag="650" ind1=" " ind2="3">
            <subfield code="a">water quantity</subfield>
        </datafield>
        <datafield tag="650" ind1=" " ind2="3">
            <subfield code="a">prediction</subfield>
        </datafield>
        <datafield tag="650" ind1=" " ind2="3">
            <subfield code="a">canopy</subfield>
        </datafield>
        <datafield tag="650" ind1=" " ind2="3">
            <subfield code="a">ecophysiology</subfield>
        </datafield>
        <datafield tag="650" ind1=" " ind2="3">
            <subfield code="a">streams</subfield>
        </datafield>
        <datafield tag="650" ind1=" " ind2="3">
            <subfield code="a">water flow</subfield>
        </datafield>
        <datafield tag="650" ind1=" " ind2="3">
            <subfield code="a">environmental impact</subfield>
        </datafield>
        <datafield tag="651" ind1=" " ind2="3">
            <subfield code="a">Western United States</subfield>
        </datafield>
        <datafield tag="653" ind1=" " ind2="0">
            <subfield code="a">Transpiration</subfield>
        </datafield>
        <datafield tag="653" ind1=" " ind2="0">
            <subfield code="a">Streamflow</subfield>
        </datafield>
        <datafield tag="653" ind1=" " ind2="0">
            <subfield code="a">Water balance</subfield>
        </datafield>
        <datafield tag="653" ind1=" " ind2="0">
            <subfield code="a">Water quality</subfield>
        </datafield>
        <datafield tag="653" ind1=" " ind2="0">
            <subfield code="a">water balance</subfield>
        </datafield>
        <datafield tag="653" ind1=" " ind2="0">
            <subfield code="a">Climate change</subfield>
        </datafield>
        <datafield tag="653" ind1=" " ind2="0">
            <subfield code="a">Management options</subfield>
        </datafield>
        <datafield tag="700" ind1="1" ind2=" ">
            <subfield code="a">Miniat, Chelcy Ford</subfield>
            <subfield code="e">author</subfield>
            <subfield code="u">U.S. Department of Agriculture, Forest Service, Southern Research
                Station, Center for Forest Watershed Research, Coweeta Hydrologic Laboratory, Otto,
                NC 28763, United States</subfield>
        </datafield>
        <datafield tag="700" ind1="1" ind2=" ">
            <subfield code="a">Luce, Charles H.</subfield>
            <subfield code="e">author</subfield>
            <subfield code="u">U.S. Department of Agriculture, Forest Service, Rocky Mountain
                Research Station, Boise, ID 83702, United States</subfield>
        </datafield>
        <datafield tag="700" ind1="1" ind2=" ">
            <subfield code="a">Asbjornsen, Heidi</subfield>
            <subfield code="e">author</subfield>
            <subfield code="u">Department of Natural Resources, University of New Hampshire, Durham,
                NH 03824, United States</subfield>
        </datafield>
        <datafield tag="700" ind1="1" ind2=" ">
            <subfield code="a">Caldwell, Peter V.</subfield>
            <subfield code="e">author</subfield>
            <subfield code="u">U.S. Department of Agriculture, Forest Service, Southern Research
                Station, Center for Forest Watershed Research, Coweeta Hydrologic Laboratory, Otto,
                NC 28763, United States</subfield>
        </datafield>
        <datafield tag="700" ind1="1" ind2=" ">
            <subfield code="a">Campbell, John L.</subfield>
            <subfield code="e">author</subfield>
            <subfield code="u">U.S. Department of Agriculture, Forest Service, Northern Research
                Station, Center for Research on Ecosystem Change, Durham, NH 03824, United
                States</subfield>
        </datafield>
        <datafield tag="700" ind1="1" ind2=" ">
            <subfield code="a">Grant, Gordon E.</subfield>
            <subfield code="e">author</subfield>
            <subfield code="u">U.S. Department of Agriculture, Forest Service, Pacific Northwest
                Research Station, Ecological Process and Function Program, Forestry Science
                Laboratory, Corvallis, OR 97331, United States</subfield>
        </datafield>
        <datafield tag="700" ind1="1" ind2=" ">
            <subfield code="a">Isaak, Daniel J.</subfield>
            <subfield code="e">author</subfield>
            <subfield code="u">U.S. Department of Agriculture, Forest Service, Rocky Mountain
                Research Station, Boise, ID 83702, United States</subfield>
        </datafield>
        <datafield tag="700" ind1="1" ind2=" ">
            <subfield code="a">Loheide, Steven P.</subfield>
            <subfield code="e">author</subfield>
            <subfield code="u">Civil and Environmental Engineering, University of Wisconsin at
                Madison, Madison, WI 53706, United States</subfield>
        </datafield>
        <datafield tag="700" ind1="1" ind2=" ">
            <subfield code="a">Sun, Ge</subfield>
            <subfield code="e">author</subfield>
            <subfield code="u">U.S. Department of Agriculture, Forest Service, Southern Research
                Station, Eastern Forest Environmental Threat Assessment Center, Raleigh, NC 27695,
                United States</subfield>
        </datafield>
        <datafield tag="773" ind1="0" ind2=" ">
            <subfield code="t">Forest ecology and management.</subfield>
            <subfield code="g">2016 Nov. 15, v. 380 p.335-345</subfield>
            <subfield code="d">Elsevier B.V.</subfield>
            <subfield code="w">Journal:jnl9013</subfield>
            <subfield code="x">0378-1127</subfield>
            <subfield code="7">nnas</subfield>
        </datafield>
        <datafield tag="787" ind1="1" ind2=" ">
            <subfield code="o">islandora_article_repository</subfield>
        </datafield>
        <datafield tag="787" ind1="1" ind2=" ">
            <subfield code="o">product_pubag</subfield>
        </datafield>
        <datafield tag="787" ind1="1" ind2=" ">
            <subfield code="o">(Journal)jnl9013</subfield>
        </datafield>
        <datafield tag="856" ind1="4" ind2="0">
            <subfield code="u">https://dx.doi.org/10.1016/j.foreco.2016.03.025</subfield>
            <subfield code="3">Available from publisher's site</subfield>
        </datafield>
        <datafield tag="903" ind1=" " ind2=" ">
            <subfield code="a">Accepted Manuscript</subfield>
        </datafield>
        <datafield tag="912" ind1=" " ind2=" ">
            <subfield code="a">Article</subfield>
        </datafield>
        <datafield tag="914" ind1=" " ind2=" ">
            <subfield code="a">Journal:jnl9013</subfield>
            <subfield code="b">0378-1127</subfield>
        </datafield>
        <datafield tag="914" ind1=" " ind2=" ">
            <subfield code="f">Forest ecology and management</subfield>
        </datafield>
        <datafield tag="916" ind1=" " ind2=" ">
            <subfield code="a">Batch:1427</subfield>
        </datafield>
        <datafield tag="917" ind1=" " ind2=" ">
            <subfield code="a">issued</subfield>
        </datafield>
        <datafield tag="918" ind1="2" ind2=" ">
            <subfield code="a">Elsevier Consyn</subfield>
            <subfield code="e">provider</subfield>
            <subfield code="5">DNAL</subfield>
        </datafield>
        <datafield tag="935" ind1=" " ind2=" ">
            <subfield code="a">IND605262345</subfield>
            <subfield code="9">ExL</subfield>
        </datafield>
        <datafield tag="949" ind1=" " ind2=" ">
            <subfield code="a">2019-04-03</subfield>
        </datafield>
        <datafield tag="953" ind1=" " ind2=" ">
            <subfield code="a"
                >/data/metadata/incoming/consyn-backfiles/46-2-00065-HEAD-ONLY.zip</subfield>
        </datafield>
        <datafield tag="954" ind1=" " ind2=" ">
            <subfield code="a"
                >file:/data/metadata/staging/consyn-backfiles/S0378112716301013.xml</subfield>
        </datafield>
        <datafield tag="955" ind1=" " ind2=" ">
            <subfield code="a">/data/metadata/staging/consyn-backfiles/</subfield>
        </datafield>
        <datafield tag="974" ind1=" " ind2=" ">
            <subfield code="a">agid:5262345</subfield>
        </datafield>
        <datafield tag="983" ind1=" " ind2=" ">
            <subfield code="a">2019-04-03</subfield>
        </datafield>
        <datafield tag="984" ind1=" " ind2=" ">
            <subfield code="a">2022-09-06</subfield>
        </datafield>
    </record>