
    <record>
        <leader>05415nab a2200661 u 4500</leader>
        <controlfield tag="001">9916307133307426</controlfield>
        <controlfield tag="005">20221118061705.0</controlfield>
        <controlfield tag="008">190403e20160601xx |||||o|||||||||||eng||</controlfield>
        <datafield tag="016" ind1="7" ind2=" ">
            <subfield code="a">IND605262356</subfield>
            <subfield code="2">DNAL</subfield>
        </datafield>
        <datafield tag="024" ind1="7" ind2=" ">
            <subfield code="a">10.1016/j.foreco.2016.03.035</subfield>
            <subfield code="2">doi</subfield>
        </datafield>
        <datafield tag="035" ind1=" " ind2=" ">
            <subfield code="a">agid:5262356-01nal_inst</subfield>
        </datafield>
        <datafield tag="040" ind1=" " ind2=" ">
            <subfield code="a">AGL</subfield>
            <subfield code="b">eng</subfield>
            <subfield code="c">AGL</subfield>
        </datafield>
        <datafield tag="100" ind1="1" ind2=" ">
            <subfield code="a">Sverdrup-Thygeson, Anne</subfield>
            <subfield code="e">author</subfield>
            <subfield code="1">https://orcid.org/0000-0002-3122-2250</subfield>
        </datafield>
        <datafield tag="245" ind1="1" ind2="0">
            <subfield code="a">Can airborne laser scanning assist in mapping and monitoring natural
                forests?</subfield>
        </datafield>
        <datafield tag="300" ind1=" " ind2=" ">
            <subfield code="a">p. 116-125.</subfield>
        </datafield>
        <datafield tag="520" ind1=" " ind2=" ">
            <subfield code="a">Old-growth boreal forests display high within-stand structural
                variation, with large variation in tree sizes and age structure, a heterogeneous
                horizontal spatial pattern with gaps of different sizes and multi-layered canopies.
                Old managed forests, on the other hand, are characterized by more homogeneous
                structural patterns. In many parts of Europe, no true ‘virgin forests’ remains.
                Still, in many places forests previously influenced by selective logging have been
                abandoned, and is now developing towards a more natural forest structure. Such
                near-natural forest areas can be of special importance for forest biodiversity and
                related ecosystem services, and it is therefore important to map and monitor such
                forests. Recently, airborne laser scanning (ALS) has been applied to provide
                ecologically relevant information on forest structure. The advantage of ALS is that
                it can characterize three-dimensional forest structure in fine detail across broad
                areas, replacing more labour-intensive field-based measurements.In this study, we
                use ALS to compare the structural characteristics of 89 near-natural and 280 managed
                old forest stands in a 17,000ha boreal forest study site in southeastern Norway. For
                the study area, both maps of logging history separating old near-natural and old
                managed forests, and high-resolution ALS data was available.Our aim was to
                investigate if ALS data could be used to separate vertical and horizontal forest
                structure in old near natural versus old managed forests. We also wanted to compare
                different methods for classification, and to describe the potential for use of ALS
                in classification of forest naturalness for future mapping and monitoring
                purposes.We found that ALS data had a strong potential in separating stands of old
                near-natural forests from old managed stands. The most important metrics for
                classification were those reflecting canopy height, canopy density, variation in
                canopy height, number of trees per area and gap patterns. This fits well with
                ecological knowledge of relevant structural differences between forests of different
                degree of naturalness. Both vertical and horizontal metrics provided useful input to
                the classification, but the horizontal metrics performed slightly better on accuracy
                and were easier to interpret. Although the method has a good potential for wider use
                in boreal forest landscapes, the need for local reference data for calibration as
                well as the importance of ALS pulse density for precision of classification should
                be further investigated.Large-scale spatial information on remaining source areas of
                natural and near-natural forests will be essential in order to manage forests in a
                way that safeguards biodiversity and ecosystem services. We suggest that
                classification of forest naturalness based on ALS data can be a helpful tool in
                future forest mapping and monitoring.</subfield>
        </datafield>
        <datafield tag="592" ind1=" " ind2=" ">
            <subfield code="a">Publisher supplied data</subfield>
        </datafield>
        <datafield tag="593" ind1=" " ind2=" ">
            <subfield code="a">PubAg article</subfield>
        </datafield>
        <datafield tag="650" ind1=" " ind2="3">
            <subfield code="a">age structure</subfield>
        </datafield>
        <datafield tag="650" ind1=" " ind2="3">
            <subfield code="a">biodiversity</subfield>
        </datafield>
        <datafield tag="650" ind1=" " ind2="3">
            <subfield code="a">boreal forests</subfield>
        </datafield>
        <datafield tag="650" ind1=" " ind2="3">
            <subfield code="a">canopy</subfield>
        </datafield>
        <datafield tag="650" ind1=" " ind2="3">
            <subfield code="a">ecosystem services</subfield>
        </datafield>
        <datafield tag="650" ind1=" " ind2="3">
            <subfield code="a">forest stands</subfield>
        </datafield>
        <datafield tag="650" ind1=" " ind2="3">
            <subfield code="a">landscapes</subfield>
        </datafield>
        <datafield tag="650" ind1=" " ind2="3">
            <subfield code="a">logging</subfield>
        </datafield>
        <datafield tag="650" ind1=" " ind2="3">
            <subfield code="a">monitoring</subfield>
        </datafield>
        <datafield tag="650" ind1=" " ind2="3">
            <subfield code="a">trees</subfield>
        </datafield>
        <datafield tag="650" ind1=" " ind2="3">
            <subfield code="a">virgin forests</subfield>
        </datafield>
        <datafield tag="651" ind1=" " ind2="3">
            <subfield code="a">Norway</subfield>
        </datafield>
        <datafield tag="653" ind1=" " ind2="0">
            <subfield code="a">Remote sensing</subfield>
        </datafield>
        <datafield tag="653" ind1=" " ind2="0">
            <subfield code="a">Boreal forest</subfield>
        </datafield>
        <datafield tag="653" ind1=" " ind2="0">
            <subfield code="a">Forest structure</subfield>
        </datafield>
        <datafield tag="653" ind1=" " ind2="0">
            <subfield code="a">Near-natural forest</subfield>
        </datafield>
        <datafield tag="653" ind1=" " ind2="0">
            <subfield code="a">Airborne laser scanning (ALS)</subfield>
        </datafield>
        <datafield tag="653" ind1=" " ind2="0">
            <subfield code="a">Spatial pattern</subfield>
        </datafield>
        <datafield tag="700" ind1="1" ind2=" ">
            <subfield code="a">Ørka, Hans Ole</subfield>
            <subfield code="e">author</subfield>
            <subfield code="u">Department of Ecology and Natural Resource Management, Norwegian
                University of Life Sciences, Ås, Norway</subfield>
        </datafield>
        <datafield tag="700" ind1="1" ind2=" ">
            <subfield code="a">Gobakken, Terje</subfield>
            <subfield code="e">author</subfield>
            <subfield code="u">Department of Ecology and Natural Resource Management, Norwegian
                University of Life Sciences, Ås, Norway</subfield>
            <subfield code="1">https://orcid.org/0000-0001-5534-049X</subfield>
        </datafield>
        <datafield tag="700" ind1="1" ind2=" ">
            <subfield code="a">Næsset, Erik</subfield>
            <subfield code="e">author</subfield>
            <subfield code="u">Department of Ecology and Natural Resource Management, Norwegian
                University of Life Sciences, Ås, Norway</subfield>
        </datafield>
        <datafield tag="773" ind1="0" ind2=" ">
            <subfield code="t">Forest ecology and management.</subfield>
            <subfield code="g">2016 June 01, v. 369 p.116-125</subfield>
            <subfield code="d">Elsevier B.V.</subfield>
            <subfield code="w">Journal:jnl9013</subfield>
            <subfield code="x">0378-1127</subfield>
            <subfield code="7">nnas</subfield>
        </datafield>
        <datafield tag="787" ind1="1" ind2=" ">
            <subfield code="o">islandora_article_repository</subfield>
        </datafield>
        <datafield tag="787" ind1="1" ind2=" ">
            <subfield code="o">product_pubag</subfield>
        </datafield>
        <datafield tag="787" ind1="1" ind2=" ">
            <subfield code="o">(Journal)jnl9013</subfield>
        </datafield>
        <datafield tag="856" ind1="4" ind2="0">
            <subfield code="u">https://dx.doi.org/10.1016/j.foreco.2016.03.035</subfield>
            <subfield code="3">Available from publisher's site</subfield>
        </datafield>
        <datafield tag="912" ind1=" " ind2=" ">
            <subfield code="a">Article</subfield>
        </datafield>
        <datafield tag="914" ind1=" " ind2=" ">
            <subfield code="a">Journal:jnl9013</subfield>
            <subfield code="b">0378-1127</subfield>
            <subfield code="c">369</subfield>
            <subfield code="e">116</subfield>
        </datafield>
        <datafield tag="914" ind1=" " ind2=" ">
            <subfield code="f">Forest ecology and management</subfield>
        </datafield>
        <datafield tag="916" ind1=" " ind2=" ">
            <subfield code="a">Batch:1427</subfield>
        </datafield>
        <datafield tag="917" ind1=" " ind2=" ">
            <subfield code="a">issued</subfield>
        </datafield>
        <datafield tag="918" ind1="2" ind2=" ">
            <subfield code="a">Elsevier Consyn</subfield>
            <subfield code="e">provider</subfield>
            <subfield code="5">DNAL</subfield>
        </datafield>
        <datafield tag="935" ind1=" " ind2=" ">
            <subfield code="a">IND605262356</subfield>
            <subfield code="9">ExL</subfield>
        </datafield>
        <datafield tag="949" ind1=" " ind2=" ">
            <subfield code="a">2019-04-03</subfield>
        </datafield>
        <datafield tag="953" ind1=" " ind2=" ">
            <subfield code="a"
                >/data/metadata/incoming/consyn-backfiles/46-2-00065-HEAD-ONLY.zip</subfield>
        </datafield>
        <datafield tag="954" ind1=" " ind2=" ">
            <subfield code="a"
                >file:/data/metadata/staging/consyn-backfiles/S0378112716301128.xml</subfield>
        </datafield>
        <datafield tag="955" ind1=" " ind2=" ">
            <subfield code="a">/data/metadata/staging/consyn-backfiles/</subfield>
        </datafield>
        <datafield tag="974" ind1=" " ind2=" ">
            <subfield code="a">agid:5262356</subfield>
        </datafield>
        <datafield tag="983" ind1=" " ind2=" ">
            <subfield code="a">2019-04-03</subfield>
        </datafield>
        <datafield tag="984" ind1=" " ind2=" ">
            <subfield code="a">2019-04-03</subfield>
        </datafield>
    </record>