
    <record>
        <leader>03572nab a2200577 u 4500</leader>
        <controlfield tag="001">9916307336607426</controlfield>
        <controlfield tag="005">20221118061618.0</controlfield>
        <controlfield tag="008">160903e20160802xx |||||o|||||||||||eng||</controlfield>
        <datafield tag="016" ind1="7" ind2=" ">
            <subfield code="a">IND605369875</subfield>
            <subfield code="2">DNAL</subfield>
        </datafield>
        <datafield tag="024" ind1="7" ind2=" ">
            <subfield code="a">10.1515/prolas-2016-0018</subfield>
            <subfield code="2">doi</subfield>
        </datafield>
        <datafield tag="035" ind1=" " ind2=" ">
            <subfield code="a">agid:5369875-01nal_inst</subfield>
        </datafield>
        <datafield tag="040" ind1=" " ind2=" ">
            <subfield code="a">AGL</subfield>
            <subfield code="b">eng</subfield>
            <subfield code="c">AGL</subfield>
        </datafield>
        <datafield tag="100" ind1="1" ind2=" ">
            <subfield code="a">Liepiņš, Kaspars</subfield>
            <subfield code="e">author</subfield>
            <subfield code="u">Latvian State Forest Research Institute “Silava”, Rīgas iela 111,
                Salaspils, LV-2169, LATVIA</subfield>
        </datafield>
        <datafield tag="245" ind1="1" ind2="0">
            <subfield code="a">Growth Patterns and Spatial Distribution of Common Ash (Fraxinus
                excelsior L.) in Latvia</subfield>
        </datafield>
        <datafield tag="300" ind1=" " ind2=" ">
            <subfield code="a">p. 109-115.</subfield>
        </datafield>
        <datafield tag="520" ind1=" " ind2=" ">
            <subfield code="a">In Latvia, common ash (Fraxinus excelsior L.) can form ecologically
                stable monoculture stands in localities with optimum growing conditions, but they
                are mainly found in mixed forests throughout the country on sites with fresh,
                fertile, sufficiently moist, yet well-drained soils. Over the last two decades, ash
                decline has become a serious problem for the whole of Europe; the causal agent for
                it is also present in Latvia. The aim of the given study was to investigate the
                growth patterns of ash in different populations at the age of maturity (over 80
                years), tracing back their course of growth, and identify the spatial distribution
                of ash to identify localities with appreciable concentration of ash-dominated
                stands. The study revealed high variation in the juvenile growth of ash, and
                confirmed that the height and diameter growth for common ash peaks at an early age.
                Analysis of the spatial distribution of ash indicated considerable expansion of
                common ash over the country during the second half of the 20ᵗʰ century, to some
                extent complementing natural overgrowing of abandoned lands by forest. Apart from
                the Zemgale Plain in the middle of Latvia, the highest concentration of ash stands
                is in upland areas with highly varying land relief conditions.</subfield>
        </datafield>
        <datafield tag="592" ind1=" " ind2=" ">
            <subfield code="a">Publisher supplied data</subfield>
        </datafield>
        <datafield tag="593" ind1=" " ind2=" ">
            <subfield code="a">PubAg article</subfield>
        </datafield>
        <datafield tag="650" ind1=" " ind2="3">
            <subfield code="a">Fraxinus excelsior</subfield>
        </datafield>
        <datafield tag="650" ind1=" " ind2="3">
            <subfield code="a">abandoned land</subfield>
        </datafield>
        <datafield tag="650" ind1=" " ind2="3">
            <subfield code="a">decline</subfield>
        </datafield>
        <datafield tag="650" ind1=" " ind2="3">
            <subfield code="a">highlands</subfield>
        </datafield>
        <datafield tag="650" ind1=" " ind2="3">
            <subfield code="a">juveniles</subfield>
        </datafield>
        <datafield tag="650" ind1=" " ind2="3">
            <subfield code="a">mixed forests</subfield>
        </datafield>
        <datafield tag="650" ind1=" " ind2="3">
            <subfield code="a">soil</subfield>
        </datafield>
        <datafield tag="651" ind1=" " ind2="3">
            <subfield code="a">Latvia</subfield>
        </datafield>
        <datafield tag="653" ind1=" " ind2="0">
            <subfield code="a">increments</subfield>
        </datafield>
        <datafield tag="653" ind1=" " ind2="0">
            <subfield code="a">height-age curves</subfield>
        </datafield>
        <datafield tag="653" ind1=" " ind2="0">
            <subfield code="a">tree species distribution</subfield>
        </datafield>
        <datafield tag="700" ind1="1" ind2=" ">
            <subfield code="a">Liepiņš, Jānis</subfield>
            <subfield code="e">author</subfield>
            <subfield code="u">Latvian State Forest Research Institute “Silava”, Rīgas iela 111,
                Salaspils, LV-2169, LATVIA</subfield>
        </datafield>
        <datafield tag="700" ind1="1" ind2=" ">
            <subfield code="a">Matisons, Roberts</subfield>
            <subfield code="e">author</subfield>
            <subfield code="u">Latvian State Forest Research Institute “Silava”, Rīgas iela 111,
                Salaspils, LV-2169, LATVIA</subfield>
        </datafield>
        <datafield tag="773" ind1="0" ind2=" ">
            <subfield code="t">Proceedings of the Latvian Academy of Sciences.</subfield>
            <subfield code="g">2016 Aug. 2, v. 70, no. 3 p.109-115</subfield>
            <subfield code="d">De Gruyter Open</subfield>
            <subfield code="x">1407-009X</subfield>
            <subfield code="7">nnas</subfield>
        </datafield>
        <datafield tag="787" ind1="1" ind2=" ">
            <subfield code="o">islandora_article_repository</subfield>
        </datafield>
        <datafield tag="787" ind1="1" ind2=" ">
            <subfield code="o">product_pubag</subfield>
        </datafield>
        <datafield tag="787" ind1="1" ind2=" ">
            <subfield code="o">(Journal)21686</subfield>
        </datafield>
        <datafield tag="856" ind1="4" ind2="0">
            <subfield code="u">http://dx.doi.org/10.1515/prolas-2016-0018</subfield>
            <subfield code="3">Available from publisher's site</subfield>
        </datafield>
        <datafield tag="912" ind1=" " ind2=" ">
            <subfield code="a">Article</subfield>
        </datafield>
        <datafield tag="914" ind1=" " ind2=" ">
            <subfield code="a">Journal:21686</subfield>
            <subfield code="b">1407-009X</subfield>
            <subfield code="c">70</subfield>
            <subfield code="d">4</subfield>
            <subfield code="e">109</subfield>
        </datafield>
        <datafield tag="914" ind1=" " ind2=" ">
            <subfield code="f">Proceedings of the Latvian Academy of Sciences</subfield>
        </datafield>
        <datafield tag="916" ind1=" " ind2=" ">
            <subfield code="a">Batch:1966</subfield>
        </datafield>
        <datafield tag="916" ind1=" " ind2=" ">
            <subfield code="a">Batch:1973</subfield>
        </datafield>
        <datafield tag="917" ind1=" " ind2=" ">
            <subfield code="a">issued</subfield>
        </datafield>
        <datafield tag="918" ind1="2" ind2=" ">
            <subfield code="a">De Gruyter Publishers</subfield>
            <subfield code="e">provider</subfield>
            <subfield code="5">DNAL</subfield>
        </datafield>
        <datafield tag="935" ind1=" " ind2=" ">
            <subfield code="a">IND605369875</subfield>
            <subfield code="9">ExL</subfield>
        </datafield>
        <datafield tag="949" ind1=" " ind2=" ">
            <subfield code="a">2018-06-04</subfield>
        </datafield>
        <datafield tag="953" ind1=" " ind2=" ">
            <subfield code="a">prolas.2016.70.issue-3-1471630196041.zip</subfield>
        </datafield>
        <datafield tag="962" ind1=" " ind2=" ">
            <subfield code="a">Journal title changed from 'Proceedings of the Latvian Academy of
                Sciences. Section B. Natural, Exact, and Applied Sciences.'</subfield>
        </datafield>
        <datafield tag="962" ind1=" " ind2=" ">
            <subfield code="a">Batch:1973 reviewed on 2018-06-04T08:00:03Z</subfield>
        </datafield>
        <datafield tag="974" ind1=" " ind2=" ">
            <subfield code="a">agid:5369875</subfield>
        </datafield>
        <datafield tag="983" ind1=" " ind2=" ">
            <subfield code="a">2016-09-03</subfield>
        </datafield>
        <datafield tag="984" ind1=" " ind2=" ">
            <subfield code="a">2018-06-04</subfield>
        </datafield>
    </record>