
    <record>
        <leader>04794nab a2200745 u 4500</leader>
        <controlfield tag="001">9916307341607426</controlfield>
        <controlfield tag="005">20221118061725.0</controlfield>
        <controlfield tag="008">181011e20170415xx |||||o|||||||||||eng||</controlfield>
        <datafield tag="016" ind1="7" ind2=" ">
            <subfield code="a">IND605644411</subfield>
            <subfield code="2">DNAL</subfield>
        </datafield>
        <datafield tag="024" ind1="7" ind2=" ">
            <subfield code="a">10.1016/j.scitotenv.2017.01.150</subfield>
            <subfield code="2">doi</subfield>
        </datafield>
        <datafield tag="035" ind1=" " ind2=" ">
            <subfield code="a">agid:5644411-01nal_inst</subfield>
        </datafield>
        <datafield tag="040" ind1=" " ind2=" ">
            <subfield code="a">AGL</subfield>
            <subfield code="b">eng</subfield>
            <subfield code="c">AGL</subfield>
        </datafield>
        <datafield tag="100" ind1="1" ind2=" ">
            <subfield code="a">Tíscar, P.A.</subfield>
            <subfield code="e">author</subfield>
            <subfield code="u">Centro de Capacitación y Experimentación Forestal, C/Vadillo-Castril
                s/n, 23470 Cazorla, Jaén, Spain</subfield>
        </datafield>
        <datafield tag="245" ind1="1" ind2="0">
            <subfield code="a">Regeneration of three pine species in a Mediterranean forest: A study
                to test predictions from species distribution models under changing
                climates</subfield>
        </datafield>
        <datafield tag="300" ind1=" " ind2=" ">
            <subfield code="a">p. 78-87.</subfield>
        </datafield>
        <datafield tag="500" ind1=" " ind2=" ">
            <subfield code="a">2019-12-06</subfield>
        </datafield>
        <datafield tag="520" ind1=" " ind2=" ">
            <subfield code="a">The study tested the hypothesis that future changes in the
                composition of tree communities, as predicted by species distribution models, could
                already be apparent in the current regeneration patterns of three pine species
                (Pinus pinaster, P. nigra and P. sylvestris)inhabiting the central-eastern mountains
                of Spain. We carried out both an observational study and a seed-sowing experiment to
                analyze, along an altitudinal and latitudinal gradient, whether recent recruitment
                patterns indicate an expansion of P. pinaster forests to the detriment of P. nigra
                ones in the low-altitude southern sites of these mountains; or whether P. sylvestris
                is being replaced by P. nigra in the high-altitude sites from the same area. The
                observational study gathered data from 561 plots of the Spanish National Forest
                Inventory. The seed-sowing experiment tested the effects of irrigation and stand
                basal area on seedling emergence and survival. Data were analyzed by means of
                Generalized Linear Models and Generalized Linear Mixed Models. Regeneration of the
                three pine species responded similarly to the explicative factors studied, but the
                density of tree seedlings and saplings exhibited a wide spatial heterogeneity. This
                result suggested that a mosaic of site- and species-specific responses to climate
                change might mislead model projections on the future forest occupancy of tree
                species. Yet, we found no indications of neither an expansion nor a contraction of
                the near future forest occupancy of the tree species studied.</subfield>
        </datafield>
        <datafield tag="592" ind1=" " ind2=" ">
            <subfield code="a">Publisher supplied data</subfield>
        </datafield>
        <datafield tag="593" ind1=" " ind2=" ">
            <subfield code="a">PubAg article</subfield>
        </datafield>
        <datafield tag="650" ind1=" " ind2="3">
            <subfield code="a">prediction</subfield>
        </datafield>
        <datafield tag="650" ind1=" " ind2="3">
            <subfield code="a">linear models</subfield>
        </datafield>
        <datafield tag="650" ind1=" " ind2="3">
            <subfield code="a">saplings</subfield>
        </datafield>
        <datafield tag="650" ind1=" " ind2="3">
            <subfield code="a">irrigation</subfield>
        </datafield>
        <datafield tag="650" ind1=" " ind2="3">
            <subfield code="a">seedlings</subfield>
        </datafield>
        <datafield tag="650" ind1=" " ind2="3">
            <subfield code="a">mountains</subfield>
        </datafield>
        <datafield tag="650" ind1=" " ind2="3">
            <subfield code="a">climate change</subfield>
        </datafield>
        <datafield tag="650" ind1=" " ind2="3">
            <subfield code="a">forest inventory</subfield>
        </datafield>
        <datafield tag="650" ind1=" " ind2="3">
            <subfield code="a">seedling emergence</subfield>
        </datafield>
        <datafield tag="650" ind1=" " ind2="3">
            <subfield code="a">observational studies</subfield>
        </datafield>
        <datafield tag="650" ind1=" " ind2="3">
            <subfield code="a">spatial variation</subfield>
        </datafield>
        <datafield tag="650" ind1=" " ind2="3">
            <subfield code="a">stand basal area</subfield>
        </datafield>
        <datafield tag="650" ind1=" " ind2="3">
            <subfield code="a">Pinus pinaster</subfield>
        </datafield>
        <datafield tag="650" ind1=" " ind2="3">
            <subfield code="a">biogeography</subfield>
        </datafield>
        <datafield tag="650" ind1=" " ind2="3">
            <subfield code="a">forests</subfield>
        </datafield>
        <datafield tag="651" ind1=" " ind2="3">
            <subfield code="a">Spain</subfield>
        </datafield>
        <datafield tag="653" ind1=" " ind2="0">
            <subfield code="a">Rear-edge</subfield>
        </datafield>
        <datafield tag="653" ind1=" " ind2="0">
            <subfield code="a">Climate change</subfield>
        </datafield>
        <datafield tag="653" ind1=" " ind2="0">
            <subfield code="a">Pinus nigra</subfield>
        </datafield>
        <datafield tag="653" ind1=" " ind2="0">
            <subfield code="a">Seedling recruitment</subfield>
        </datafield>
        <datafield tag="653" ind1=" " ind2="0">
            <subfield code="a">Pinus sylvestris</subfield>
        </datafield>
        <datafield tag="653" ind1=" " ind2="0">
            <subfield code="a">basal area</subfield>
        </datafield>
        <datafield tag="700" ind1="1" ind2=" ">
            <subfield code="a">Candel-Pérez, D.</subfield>
            <subfield code="e">author</subfield>
            <subfield code="u">Universidad Pública de Navarra, Campus de Arrosadia, s/n, 31006
                Pamplona, Navarra, Spain.</subfield>
        </datafield>
        <datafield tag="700" ind1="1" ind2=" ">
            <subfield code="a">Estrany, J.</subfield>
            <subfield code="e">author</subfield>
            <subfield code="u">Departamento de Geografía, Universidad de las Islas Baleares, Carr.
                de Valldemossa, km 7,5, 07122 Palma, Islas Baleares, Spain.</subfield>
        </datafield>
        <datafield tag="700" ind1="1" ind2=" ">
            <subfield code="a">Balandier, P.</subfield>
            <subfield code="e">author</subfield>
            <subfield code="u">Irstea, Research Unit on Forest Ecosystems (EFNO), Domaine des
                Barres, 45290 Nogent-Sur-Vernisson, France.</subfield>
        </datafield>
        <datafield tag="700" ind1="1" ind2=" ">
            <subfield code="a">Gómez, R.</subfield>
            <subfield code="e">author</subfield>
            <subfield code="u">Departamento de Ciencia y Tecnología Agroforestal y Genética, Escuela
                Técnica Superior de Ingenieros Agrónomos y de Montes, University of Castilla-La
                Mancha, Campus Universitario s/n, 02071 Albacete, Spain.</subfield>
        </datafield>
        <datafield tag="700" ind1="1" ind2=" ">
            <subfield code="a">Lucas-Borja, M.E.</subfield>
            <subfield code="e">author</subfield>
            <subfield code="u">Departamento de Ciencia y Tecnología Agroforestal y Genética, Escuela
                Técnica Superior de Ingenieros Agrónomos y de Montes, University of Castilla-La
                Mancha, Campus Universitario s/n, 02071 Albacete, Spain.</subfield>
        </datafield>
        <datafield tag="773" ind1="0" ind2=" ">
            <subfield code="t">Science of the total environment.</subfield>
            <subfield code="g">2017 Apr. 15, v. 584-585 p.78-87</subfield>
            <subfield code="d">Elsevier B.V.</subfield>
            <subfield code="w">Journal:jnl4455</subfield>
            <subfield code="x">0048-9697</subfield>
            <subfield code="7">nnas</subfield>
        </datafield>
        <datafield tag="787" ind1="1" ind2=" ">
            <subfield code="o">islandora_article_repository</subfield>
        </datafield>
        <datafield tag="787" ind1="1" ind2=" ">
            <subfield code="o">product_pubag</subfield>
        </datafield>
        <datafield tag="787" ind1="1" ind2=" ">
            <subfield code="o">(Journal)jnl4455</subfield>
        </datafield>
        <datafield tag="856" ind1="4" ind2="0">
            <subfield code="u">https://dx.doi.org/10.1016/j.scitotenv.2017.01.150</subfield>
            <subfield code="3">Available from publisher's site</subfield>
        </datafield>
        <datafield tag="912" ind1=" " ind2=" ">
            <subfield code="a">Article</subfield>
        </datafield>
        <datafield tag="914" ind1=" " ind2=" ">
            <subfield code="a">Journal:jnl4455</subfield>
            <subfield code="b">0048-9697</subfield>
            <subfield code="c">584-585</subfield>
            <subfield code="e">78</subfield>
        </datafield>
        <datafield tag="914" ind1=" " ind2=" ">
            <subfield code="f">Science of the total environment</subfield>
        </datafield>
        <datafield tag="916" ind1=" " ind2=" ">
            <subfield code="a">Batch:1580</subfield>
        </datafield>
        <datafield tag="917" ind1=" " ind2=" ">
            <subfield code="a">issued</subfield>
        </datafield>
        <datafield tag="918" ind1="2" ind2=" ">
            <subfield code="a">Elsevier Consyn</subfield>
            <subfield code="e">provider</subfield>
            <subfield code="5">DNAL</subfield>
        </datafield>
        <datafield tag="935" ind1=" " ind2=" ">
            <subfield code="a">IND605644411</subfield>
            <subfield code="9">ExL</subfield>
        </datafield>
        <datafield tag="949" ind1=" " ind2=" ">
            <subfield code="a">2018-10-11</subfield>
        </datafield>
        <datafield tag="953" ind1=" " ind2=" ">
            <subfield code="a"
                >/data/metadata/incoming/consyn/24073-00002-HEAD-ONLY-ALL_SELECTED_ISSNS_SINCE_LAST_.zip</subfield>
        </datafield>
        <datafield tag="954" ind1=" " ind2=" ">
            <subfield code="a">file:/data/metadata/staging/consyn/S0048969717301602.xml</subfield>
        </datafield>
        <datafield tag="955" ind1=" " ind2=" ">
            <subfield code="a">/data/metadata/staging/consyn/</subfield>
        </datafield>
        <datafield tag="974" ind1=" " ind2=" ">
            <subfield code="a">agid:5644411</subfield>
        </datafield>
        <datafield tag="983" ind1=" " ind2=" ">
            <subfield code="a">2018-10-11</subfield>
        </datafield>
        <datafield tag="984" ind1=" " ind2=" ">
            <subfield code="a">2018-10-11</subfield>
        </datafield>
    </record>