
    <record>
        <leader>04286nab a2200577 u 4500</leader>
        <controlfield tag="001">9916308155807426</controlfield>
        <controlfield tag="005">20221118064631.0</controlfield>
        <controlfield tag="008">200904e202009 xx |||||o|||||||||||eng||</controlfield>
        <datafield tag="016" ind1="7" ind2=" ">
            <subfield code="a">IND607092436</subfield>
            <subfield code="2">DNAL</subfield>
        </datafield>
        <datafield tag="024" ind1="7" ind2=" ">
            <subfield code="a">10.1007/s10980-020-01080-y</subfield>
            <subfield code="2">doi</subfield>
        </datafield>
        <datafield tag="035" ind1=" " ind2=" ">
            <subfield code="a">agid:7092436-01nal_inst</subfield>
        </datafield>
        <datafield tag="040" ind1=" " ind2=" ">
            <subfield code="a">AGL</subfield>
            <subfield code="b">eng</subfield>
            <subfield code="c">AGL</subfield>
        </datafield>
        <datafield tag="100" ind1="1" ind2=" ">
            <subfield code="a">Lima, Thaís Almeida</subfield>
            <subfield code="e">author</subfield>
            <subfield code="u">Department of Forest Resources Management, Faculty of Forestry,
                Forest Sciences Centre, University of British Columbia, 2424 Main Mall, Vancouver,
                BC, V6T 1Z4, Canada. tha.almeida.lima@gmail.com</subfield>
        </datafield>
        <datafield tag="245" ind1="1" ind2="0">
            <subfield code="a">Spatial patterns of logging-related disturbance events: a multi-scale
                analysis on forest management units located in the Brazilian Amazon</subfield>
        </datafield>
        <datafield tag="300" ind1=" " ind2=" ">
            <subfield code="a">p. 2083-2100.</subfield>
        </datafield>
        <datafield tag="500" ind1=" " ind2=" ">
            <subfield code="a">NAL-AP-2-clean</subfield>
        </datafield>
        <datafield tag="520" ind1=" " ind2=" ">
            <subfield code="a">CONTEXT: Selective logging has been commonly mapped using binary
                maps, representing logged and unlogged forests. However, binary maps may fall short
                regarding the optimum representation of this type of disturbance, as tree harvest in
                tropical forests can be highly heterogeneous. OBJECTIVES: The objective of this
                study is to map forest disturbance intensities in areas of selective logging located
                in the Brazilian Amazon. METHODS: Selective logging activities were mapped in ten
                forest management units using Sentinel-2 data at 10 m resolution. A spatial pattern
                analysis was applied to the logging map, using a moving window approach with
                different window sizes. Two landscape metrics were used to derive a forest
                disturbance intensity map. This map was then compared with actual disturbances using
                field data and a post-harvest forest recovery analysis. RESULTS: Disturbed areas
                were grouped into five distinct disturbance intensity classes, from very low to very
                high. Classes high and very high were found to be related to log landings and large
                felling gaps, while very low intensities were mainly related to isolated disturbance
                types. The post-harvest forest recovery analysis showed that the five classes can be
                clearly distinguished from one another, with the clearest differences in the year of
                logging and one year after it. CONCLUSIONS: The approach described represents an
                important step towards a better mapping of selectively logged areas, when compared
                to the use of binary maps. The disturbance intensity classes could be used as
                indicators for forest monitoring as well as for further evaluation of areas under
                forest management.</subfield>
        </datafield>
        <datafield tag="592" ind1=" " ind2=" ">
            <subfield code="a">Publisher supplied data</subfield>
        </datafield>
        <datafield tag="593" ind1=" " ind2=" ">
            <subfield code="a">PubAg article</subfield>
        </datafield>
        <datafield tag="596" ind1=" " ind2=" ">
            <subfield code="a">Grant Nº017/16A</subfield>
            <subfield code="c">International Tropical Timber Organization</subfield>
        </datafield>
        <datafield tag="596" ind1=" " ind2=" ">
            <subfield code="a">NA</subfield>
            <subfield code="c">Idea Wild</subfield>
        </datafield>
        <datafield tag="596" ind1=" " ind2=" ">
            <subfield code="a">NA</subfield>
            <subfield code="c">Institute of Environmental Protection of Amazonas State
                (IPAAM)</subfield>
        </datafield>
        <datafield tag="650" ind1=" " ind2="3">
            <subfield code="a">forest damage</subfield>
        </datafield>
        <datafield tag="650" ind1=" " ind2="3">
            <subfield code="a">forest management</subfield>
        </datafield>
        <datafield tag="650" ind1=" " ind2="3">
            <subfield code="a">landscape ecology</subfield>
        </datafield>
        <datafield tag="650" ind1=" " ind2="3">
            <subfield code="a">landscapes</subfield>
        </datafield>
        <datafield tag="650" ind1=" " ind2="3">
            <subfield code="a">trees</subfield>
        </datafield>
        <datafield tag="651" ind1=" " ind2="3">
            <subfield code="a">Amazonia</subfield>
        </datafield>
        <datafield tag="700" ind1="1" ind2=" ">
            <subfield code="a">Beuchle, René</subfield>
            <subfield code="e">author</subfield>
            <subfield code="u">Joint Research Centre (JRC), European Commission, 21027, Ispra,
                Italy</subfield>
        </datafield>
        <datafield tag="700" ind1="1" ind2=" ">
            <subfield code="a">Griess, Verena C.</subfield>
            <subfield code="e">author</subfield>
            <subfield code="u">Department of Forest Resources Management, Faculty of Forestry,
                Forest Sciences Centre, University of British Columbia, 2424 Main Mall, Vancouver,
                BC, V6T 1Z4, Canada</subfield>
        </datafield>
        <datafield tag="700" ind1="1" ind2=" ">
            <subfield code="a">Verhegghen, Astrid</subfield>
            <subfield code="e">author</subfield>
            <subfield code="u">Joint Research Centre (JRC), European Commission, 21027, Ispra,
                Italy</subfield>
        </datafield>
        <datafield tag="700" ind1="1" ind2=" ">
            <subfield code="a">Vogt, Peter</subfield>
            <subfield code="e">author</subfield>
            <subfield code="u">Joint Research Centre (JRC), European Commission, 21027, Ispra,
                Italy</subfield>
        </datafield>
        <datafield tag="773" ind1="0" ind2=" ">
            <subfield code="t">Landscape ecology.</subfield>
            <subfield code="g">2020 Sept., v. 35, no. 9 p.2083-2100</subfield>
            <subfield code="d">Springer Netherlands</subfield>
            <subfield code="w">Journal:jnl3870067</subfield>
            <subfield code="x">0921-2973</subfield>
            <subfield code="7">nnas</subfield>
        </datafield>
        <datafield tag="787" ind1="1" ind2=" ">
            <subfield code="o">islandora_article_repository</subfield>
        </datafield>
        <datafield tag="787" ind1="1" ind2=" ">
            <subfield code="o">product_pubag</subfield>
        </datafield>
        <datafield tag="787" ind1="1" ind2=" ">
            <subfield code="o">(Journal)jnl3870067</subfield>
        </datafield>
        <datafield tag="856" ind1="4" ind2="0">
            <subfield code="u">http://dx.doi.org/10.1007/s10980-020-01080-y</subfield>
            <subfield code="3">Available from publisher's site</subfield>
        </datafield>
        <datafield tag="912" ind1=" " ind2=" ">
            <subfield code="a">Article</subfield>
        </datafield>
        <datafield tag="914" ind1=" " ind2=" ">
            <subfield code="a">Journal:jnl3870067</subfield>
            <subfield code="b">0921-2973</subfield>
            <subfield code="c">35</subfield>
            <subfield code="d">9</subfield>
            <subfield code="e">2083</subfield>
        </datafield>
        <datafield tag="914" ind1=" " ind2=" ">
            <subfield code="f">Landscape ecology</subfield>
        </datafield>
        <datafield tag="916" ind1=" " ind2=" ">
            <subfield code="a">Batch:10087</subfield>
        </datafield>
        <datafield tag="917" ind1=" " ind2=" ">
            <subfield code="a">issued</subfield>
        </datafield>
        <datafield tag="918" ind1="2" ind2=" ">
            <subfield code="a">Springer</subfield>
            <subfield code="e">provider</subfield>
            <subfield code="5">DNAL</subfield>
        </datafield>
        <datafield tag="935" ind1=" " ind2=" ">
            <subfield code="a">IND607092436</subfield>
            <subfield code="9">ExL</subfield>
        </datafield>
        <datafield tag="949" ind1=" " ind2=" ">
            <subfield code="a">2021-04-18</subfield>
        </datafield>
        <datafield tag="953" ind1=" " ind2=" ">
            <subfield code="a"
                >/data/metadata/incoming/springer/ftp_PUB_20-09-04_05-24-29.zip</subfield>
        </datafield>
        <datafield tag="954" ind1=" " ind2=" ">
            <subfield code="a">file:/data/metadata/staging/springer/10980-35-9.xml</subfield>
        </datafield>
        <datafield tag="955" ind1=" " ind2=" ">
            <subfield code="a">/data/metadata/staging/springer/</subfield>
        </datafield>
        <datafield tag="974" ind1=" " ind2=" ">
            <subfield code="a">agid:7092436</subfield>
        </datafield>
        <datafield tag="983" ind1=" " ind2=" ">
            <subfield code="a">2020-09-04</subfield>
        </datafield>
        <datafield tag="984" ind1=" " ind2=" ">
            <subfield code="a">2021-04-18</subfield>
        </datafield>
    </record>