
    <record>
        <leader>04108nab a2200493 u 4500</leader>
        <controlfield tag="001">9916308470307426</controlfield>
        <controlfield tag="005">20221118064348.0</controlfield>
        <controlfield tag="008">160620e201501 xx |||||o|||||||||||eng||</controlfield>
        <datafield tag="016" ind1="7" ind2=" ">
            <subfield code="a">IND605234915</subfield>
            <subfield code="2">DNAL</subfield>
        </datafield>
        <datafield tag="024" ind1="7" ind2=" ">
            <subfield code="a">10.1890/13-2153.1</subfield>
            <subfield code="2">doi</subfield>
        </datafield>
        <datafield tag="035" ind1=" " ind2=" ">
            <subfield code="a">agid:5234915-01nal_inst</subfield>
        </datafield>
        <datafield tag="040" ind1=" " ind2=" ">
            <subfield code="a">AGL</subfield>
            <subfield code="b">eng</subfield>
            <subfield code="c">AGL</subfield>
        </datafield>
        <datafield tag="100" ind1="1" ind2=" ">
            <subfield code="a">Chalmandrier, L.</subfield>
            <subfield code="e">author</subfield>
        </datafield>
        <datafield tag="245" ind1="1" ind2="0">
            <subfield code="a">Effects of species' similarity and dominance on the functional and
                phylogenetic structure of a plant meta‐community</subfield>
        </datafield>
        <datafield tag="300" ind1=" " ind2=" ">
            <subfield code="a">p. 143-153.</subfield>
        </datafield>
        <datafield tag="500" ind1=" " ind2=" ">
            <subfield code="a">JOURNAL ARTICLE</subfield>
        </datafield>
        <datafield tag="520" ind1=" " ind2=" ">
            <subfield code="a">Different assembly processes drive the spatial structure of
                meta‐communities (β‐diversity). Recently, functional and phylogenetic diversities
                have been suggested as indicators of these assembly processes. Assuming that
                diversity is a good proxy for niche overlap, high β‐diversity along environmental
                gradients should be the result of environmental filtering while low β‐diversity
                should stem from competitive interactions. So far, studies trying to disentangle the
                relative importance of these assembly processes have provided mixed results. One
                reason for this may be that these studies often rely on a single measure of
                diversity and thus implicitly make a choice on how they account for species relative
                abundances and how species similarities are captured by functional traits or
                phylogeny. Here, we tested the effect of gradually scaling the importance of
                dominance (the weight given to dominant vs. rare species) and species similarity
                (the weight given to small vs. large similarities) on resulting β‐diversity patterns
                of an alpine plant meta‐community. To this end, we combined recent extensions of the
                Hill numbers framework with Pagel's phylogenetic tree transformation approach. We
                included functional (based on the leaf–height–seed spectrum) and phylogenetic facets
                of β‐diversity in our analysis and explicitly accounted for effects of environmental
                and spatial covariates. We found that functional β‐diversity was high when the same
                weight was given to dominant vs. rare species and to large vs. small species'
                similarities. In contrast, phylogenetic β‐diversity was low when greater weight was
                given to dominant species and small species' similarities. Those results suggested
                that different environments along the gradients filtered different species according
                to their functional traits, while, the same competitive lineages dominated
                communities across the gradients. Our results highlight that functional vs.
                phylogenetic facets, presence‐absence vs. abundance structure and different weights
                of species' dissimilarity provide complementary and important information on the
                drivers of meta‐community structure. By utilizing the full extent of information
                provided by the flexible frameworks of Hill numbers and Pagel's tree transformation,
                we propose a new approach to disentangle the patterns resulting from different
                assembly processes.</subfield>
        </datafield>
        <datafield tag="592" ind1=" " ind2=" ">
            <subfield code="a">Publisher supplied data</subfield>
        </datafield>
        <datafield tag="593" ind1=" " ind2=" ">
            <subfield code="a">PubAg article</subfield>
        </datafield>
        <datafield tag="650" ind1=" " ind2="3">
            <subfield code="a">alpine plants</subfield>
        </datafield>
        <datafield tag="650" ind1=" " ind2="3">
            <subfield code="a">phylogeny</subfield>
        </datafield>
        <datafield tag="650" ind1=" " ind2="3">
            <subfield code="a">rare species</subfield>
        </datafield>
        <datafield tag="650" ind1=" " ind2="3">
            <subfield code="a">species diversity</subfield>
        </datafield>
        <datafield tag="700" ind1="1" ind2=" ">
            <subfield code="a">Münkemüller, T.</subfield>
            <subfield code="e">author</subfield>
        </datafield>
        <datafield tag="700" ind1="1" ind2=" ">
            <subfield code="a">Lavergne, S.</subfield>
            <subfield code="e">author</subfield>
        </datafield>
        <datafield tag="700" ind1="1" ind2=" ">
            <subfield code="a">Thuiller, W.</subfield>
            <subfield code="e">author</subfield>
        </datafield>
        <datafield tag="773" ind1="0" ind2=" ">
            <subfield code="t">Ecology.</subfield>
            <subfield code="g">2015 Jan., v. 96, no. 1 p.143-153</subfield>
            <subfield code="d">Ecological Society of America</subfield>
            <subfield code="x">0012-9658</subfield>
            <subfield code="7">nnas</subfield>
        </datafield>
        <datafield tag="787" ind1="1" ind2=" ">
            <subfield code="o">islandora_article_repository</subfield>
        </datafield>
        <datafield tag="787" ind1="1" ind2=" ">
            <subfield code="o">product_pubag</subfield>
        </datafield>
        <datafield tag="787" ind1="1" ind2=" ">
            <subfield code="o">(Journal)jnl46164</subfield>
        </datafield>
        <datafield tag="856" ind1="4" ind2="0">
            <subfield code="u">http://dx.doi.org/10.1890/13-2153.1</subfield>
            <subfield code="3">Available from publisher's site</subfield>
        </datafield>
        <datafield tag="912" ind1=" " ind2=" ">
            <subfield code="a">Article</subfield>
        </datafield>
        <datafield tag="914" ind1=" " ind2=" ">
            <subfield code="a">Journal:jnl46164</subfield>
            <subfield code="b">0012-9658</subfield>
            <subfield code="c">96</subfield>
            <subfield code="d">1</subfield>
            <subfield code="e">143</subfield>
        </datafield>
        <datafield tag="914" ind1=" " ind2=" ">
            <subfield code="f">Ecology</subfield>
        </datafield>
        <datafield tag="916" ind1=" " ind2=" ">
            <subfield code="a">Batch:1394</subfield>
        </datafield>
        <datafield tag="917" ind1=" " ind2=" ">
            <subfield code="a">issued</subfield>
        </datafield>
        <datafield tag="918" ind1="2" ind2=" ">
            <subfield code="a">John Wiley &amp; Sons, Inc</subfield>
            <subfield code="e">provider</subfield>
            <subfield code="5">DNAL</subfield>
        </datafield>
        <datafield tag="935" ind1=" " ind2=" ">
            <subfield code="a">IND605234915</subfield>
            <subfield code="9">ExL</subfield>
        </datafield>
        <datafield tag="949" ind1=" " ind2=" ">
            <subfield code="a">2016-08-19</subfield>
        </datafield>
        <datafield tag="953" ind1=" " ind2=" ">
            <subfield code="a">00129658_2015_96_1.xml</subfield>
        </datafield>
        <datafield tag="962" ind1=" " ind2=" ">
            <subfield code="a">Batch:1394 reviewed on 2016-08-19T12:00:02Z</subfield>
        </datafield>
        <datafield tag="974" ind1=" " ind2=" ">
            <subfield code="a">agid:5234915</subfield>
        </datafield>
        <datafield tag="983" ind1=" " ind2=" ">
            <subfield code="a">2016-06-20</subfield>
        </datafield>
        <datafield tag="984" ind1=" " ind2=" ">
            <subfield code="a">2016-08-19</subfield>
        </datafield>
    </record>