
    <record>
        <leader>05551nab a2200697 u 4500</leader>
        <controlfield tag="001">9916308926407426</controlfield>
        <controlfield tag="005">20221118065941.0</controlfield>
        <controlfield tag="008">220629e202206 xx |||||o|||||||||||eng||</controlfield>
        <datafield tag="016" ind1="7" ind2=" ">
            <subfield code="a">IND607816001</subfield>
            <subfield code="2">DNAL</subfield>
        </datafield>
        <datafield tag="024" ind1="7" ind2=" ">
            <subfield code="a">10.1002/ecs2.4079</subfield>
            <subfield code="2">doi</subfield>
        </datafield>
        <datafield tag="035" ind1=" " ind2=" ">
            <subfield code="a">agid:7816001-01nal_inst</subfield>
        </datafield>
        <datafield tag="040" ind1=" " ind2=" ">
            <subfield code="a">AGL</subfield>
            <subfield code="b">eng</subfield>
            <subfield code="c">AGL</subfield>
        </datafield>
        <datafield tag="100" ind1="1" ind2=" ">
            <subfield code="a">Zhao, Meifang</subfield>
            <subfield code="e">author</subfield>
            <subfield code="u">College of Life Science and Technology, Central South University of
                Forestry and Technology, Changsha, China</subfield>
            <subfield code="1">https://orcid.org/0000-0002-8635-1754</subfield>
        </datafield>
        <datafield tag="245" ind1="1" ind2="0">
            <subfield code="a">On the link between tree size and ecosystem carbon sequestration
                capacity across continental forests</subfield>
        </datafield>
        <datafield tag="500" ind1=" " ind2=" ">
            <subfield code="a">JOURNAL ARTICLE</subfield>
        </datafield>
        <datafield tag="520" ind1=" " ind2=" ">
            <subfield code="a">The asymptotic height (Hₘₐₓ) and the size‐scaling exponent (β),
                proxies of tree size and important forest architectural parameters of the
                relationships between height and tree diameter of forests, play important roles in
                the carbon (C) stocks and fluxes of forest ecosystems. However, the patterns and
                drivers of these values in continental China are not well known. Based on a national
                forest database of China, we explored the geographic patterns and ecological drivers
                of Hₘₐₓ and β and their dynamic relationships with the C sequestration capabilities
                of the studied ecosystems, including the C stock and allocation, net ecosystem
                productivity (NEP), and mean ecosystem C turnover time. At the ecosystem scale, the
                Hₘₐₓ values ranged from 10.37 to 37.07 m, with a mean value of 25.41 m, showing a
                decreasing trend with increasing latitude. However, β ranged from 0.598 to 0.73,
                with a mean value of 0.66, showing an increasing trend with latitude. The spatial
                patterns of the forest Hₘₐₓ and β at the national scale were largely controlled by
                the mean annual temperature, mean annual precipitation, and forest age. These
                patterns were verified using biomass and forest C sequestration data, showing that
                the total vegetation C stock as a whole, in aboveground or belowground components,
                was significantly and positively correlated with Hₘₐₓ (p &lt; 0.05), revealing
                apparent “faster first, slower later” increasing trends with Hₘₐₓ (R² = 0.759,
                0.821, and 0.527, respectively). In addition, for forest &gt;20 m, NEP showed a
                significant strong negative correlation with Hₘₐₓ (by −0.967% per 1 m of Hₘₐₓ,
                R² = 0.504, p &lt; 0.05), and a 10‐m increase in Hₘₐₓ resulted in a decrease in mean
                ecosystem C turnover time by 16.9% (7.43 years). Taller forests might indeed be
                expected to have higher autotrophic respiration consumption rates but lower mean
                ecosystem C turnover time and NEP values than shorter forests. The discovery that
                community‐level asymptotic height could be used as a comparative predictor of
                ecosystem C sequestration capacity and its difference among forest biomes underpins
                the fundamentals of ecological theories and modeling, which has important
                implications for forest restoration, policy, and management.</subfield>
        </datafield>
        <datafield tag="592" ind1=" " ind2=" ">
            <subfield code="a">Publisher supplied data</subfield>
        </datafield>
        <datafield tag="593" ind1=" " ind2=" ">
            <subfield code="a">PubAg article</subfield>
        </datafield>
        <datafield tag="596" ind1=" " ind2=" ">
            <subfield code="a">2020JJ4139</subfield>
            <subfield code="c">Hunan Provincial Natural Science Foundation of China</subfield>
        </datafield>
        <datafield tag="596" ind1=" " ind2=" ">
            <subfield code="a">31600355</subfield>
            <subfield code="c">National Natural Science Foundation of China</subfield>
        </datafield>
        <datafield tag="596" ind1=" " ind2=" ">
            <subfield code="a">31971456</subfield>
            <subfield code="c">National Natural Science Foundation of China</subfield>
        </datafield>
        <datafield tag="596" ind1=" " ind2=" ">
            <subfield code="c">Science and Technology Innovative Research Team in Higher Educational
                Institutions of Hunan Province</subfield>
        </datafield>
        <datafield tag="650" ind1=" " ind2="3">
            <subfield code="a">atmospheric precipitation</subfield>
        </datafield>
        <datafield tag="650" ind1=" " ind2="3">
            <subfield code="a">biomass</subfield>
        </datafield>
        <datafield tag="650" ind1=" " ind2="3">
            <subfield code="a">carbon</subfield>
        </datafield>
        <datafield tag="650" ind1=" " ind2="3">
            <subfield code="a">carbon sequestration</subfield>
        </datafield>
        <datafield tag="650" ind1=" " ind2="3">
            <subfield code="a">carbon sinks</subfield>
        </datafield>
        <datafield tag="650" ind1=" " ind2="3">
            <subfield code="a">databases</subfield>
        </datafield>
        <datafield tag="650" ind1=" " ind2="3">
            <subfield code="a">forest restoration</subfield>
        </datafield>
        <datafield tag="650" ind1=" " ind2="3">
            <subfield code="a">forests</subfield>
        </datafield>
        <datafield tag="650" ind1=" " ind2="3">
            <subfield code="a">issues and policy</subfield>
        </datafield>
        <datafield tag="650" ind1=" " ind2="3">
            <subfield code="a">latitude</subfield>
        </datafield>
        <datafield tag="650" ind1=" " ind2="3">
            <subfield code="a">national forests</subfield>
        </datafield>
        <datafield tag="650" ind1=" " ind2="3">
            <subfield code="a">net ecosystem production</subfield>
        </datafield>
        <datafield tag="650" ind1=" " ind2="3">
            <subfield code="a">temperature</subfield>
        </datafield>
        <datafield tag="650" ind1=" " ind2="3">
            <subfield code="a">tree and stand measurements</subfield>
        </datafield>
        <datafield tag="650" ind1=" " ind2="3">
            <subfield code="a">trees</subfield>
        </datafield>
        <datafield tag="651" ind1=" " ind2="3">
            <subfield code="a">China</subfield>
        </datafield>
        <datafield tag="700" ind1="1" ind2=" ">
            <subfield code="a">Sun, Mengde</subfield>
            <subfield code="e">author</subfield>
            <subfield code="u">College of Life Science and Technology, Central South University of
                Forestry and Technology, Changsha, China</subfield>
        </datafield>
        <datafield tag="700" ind1="1" ind2=" ">
            <subfield code="a">Xiong, Tao</subfield>
            <subfield code="e">author</subfield>
            <subfield code="u">College of Life Science and Technology, Central South University of
                Forestry and Technology, Changsha, China</subfield>
        </datafield>
        <datafield tag="700" ind1="1" ind2=" ">
            <subfield code="a">Tian, Shihong</subfield>
            <subfield code="e">author</subfield>
            <subfield code="u">College of Life Science and Technology, Central South University of
                Forestry and Technology, Changsha, China</subfield>
        </datafield>
        <datafield tag="700" ind1="1" ind2=" ">
            <subfield code="a">Liu, Shuguang</subfield>
            <subfield code="e">author</subfield>
            <subfield code="u">College of Life Science and Technology, Central South University of
                Forestry and Technology, Changsha, China</subfield>
        </datafield>
        <datafield tag="773" ind1="0" ind2=" ">
            <subfield code="t">Ecosphere.</subfield>
            <subfield code="g">2022 June, v. 13, no. 6 p.e4079-</subfield>
            <subfield code="d">John Wiley &amp; Sons, Inc.</subfield>
            <subfield code="w">Journal:12363</subfield>
            <subfield code="x">2150-8925</subfield>
            <subfield code="7">nnas</subfield>
        </datafield>
        <datafield tag="787" ind1="1" ind2=" ">
            <subfield code="o">islandora_article_repository</subfield>
        </datafield>
        <datafield tag="787" ind1="1" ind2=" ">
            <subfield code="o">product_pubag</subfield>
        </datafield>
        <datafield tag="787" ind1="1" ind2=" ">
            <subfield code="o">(Journal)12363</subfield>
        </datafield>
        <datafield tag="856" ind1="4" ind2="0">
            <subfield code="u">https://dx.doi.org/10.1002/ecs2.4079</subfield>
            <subfield code="3">Available from publisher's site</subfield>
        </datafield>
        <datafield tag="912" ind1=" " ind2=" ">
            <subfield code="a">Article</subfield>
        </datafield>
        <datafield tag="914" ind1=" " ind2=" ">
            <subfield code="a">Journal:12363</subfield>
            <subfield code="b">2150-8925</subfield>
            <subfield code="c">13</subfield>
            <subfield code="d">6</subfield>
            <subfield code="e">e4079</subfield>
        </datafield>
        <datafield tag="914" ind1=" " ind2=" ">
            <subfield code="f">Ecosphere</subfield>
        </datafield>
        <datafield tag="917" ind1=" " ind2=" ">
            <subfield code="a">issued</subfield>
        </datafield>
        <datafield tag="918" ind1="2" ind2=" ">
            <subfield code="a">John Wiley &amp; Sons, Inc</subfield>
            <subfield code="e">provider</subfield>
            <subfield code="5">DNAL</subfield>
        </datafield>
        <datafield tag="935" ind1=" " ind2=" ">
            <subfield code="a">IND607816001</subfield>
            <subfield code="9">ExL</subfield>
        </datafield>
        <datafield tag="949" ind1=" " ind2=" ">
            <subfield code="a">2022-06-29</subfield>
        </datafield>
        <datafield tag="952" ind1=" " ind2=" ">
            <subfield code="d">NAL-AP-2-clean</subfield>
        </datafield>
        <datafield tag="953" ind1=" " ind2=" ">
            <subfield code="a">/data/metadata/incoming/wiley/21508925_2022_13_6.xml</subfield>
        </datafield>
        <datafield tag="954" ind1=" " ind2=" ">
            <subfield code="a">file:/data/metadata/staging/wiley/21508925_2022_13_6.xml</subfield>
        </datafield>
        <datafield tag="955" ind1=" " ind2=" ">
            <subfield code="a">/data/metadata/staging/wiley/</subfield>
        </datafield>
        <datafield tag="974" ind1=" " ind2=" ">
            <subfield code="a">agid:7816001</subfield>
        </datafield>
        <datafield tag="983" ind1=" " ind2=" ">
            <subfield code="a">2022-06-29</subfield>
        </datafield>
        <datafield tag="984" ind1=" " ind2=" ">
            <subfield code="a">2022-06-29</subfield>
        </datafield>
    </record>