
    <record>
        <leader>04781nab a2200673 u 4500</leader>
        <controlfield tag="001">9916309374607426</controlfield>
        <controlfield tag="005">20221118071938.0</controlfield>
        <controlfield tag="008">220225e202202 xx |||||o|||||||||||eng||</controlfield>
        <datafield tag="016" ind1="7" ind2=" ">
            <subfield code="a">IND607680598</subfield>
            <subfield code="2">DNAL</subfield>
        </datafield>
        <datafield tag="024" ind1="7" ind2=" ">
            <subfield code="a">10.1002/ecs2.3931</subfield>
            <subfield code="2">doi</subfield>
        </datafield>
        <datafield tag="035" ind1=" " ind2=" ">
            <subfield code="a">agid:7680598-01nal_inst</subfield>
        </datafield>
        <datafield tag="040" ind1=" " ind2=" ">
            <subfield code="a">AGL</subfield>
            <subfield code="b">eng</subfield>
            <subfield code="c">AGL</subfield>
        </datafield>
        <datafield tag="100" ind1="1" ind2=" ">
            <subfield code="a">van Beeck Calkoen, Suzanne T. S.</subfield>
            <subfield code="e">author</subfield>
            <subfield code="u">Department of Visitor Management and National Park Monitoring,
                Bavarian Forest National Park, Grafenau, Germany</subfield>
            <subfield code="1">https://orcid.org/0000-0002-2574-9056</subfield>
        </datafield>
        <datafield tag="245" ind1="1" ind2="0">
            <subfield code="a">Humans rather than Eurasian lynx (Lynx lynx) shape ungulate browsing
                patterns in a temperate forest</subfield>
        </datafield>
        <datafield tag="500" ind1=" " ind2=" ">
            <subfield code="a">JOURNAL ARTICLE</subfield>
        </datafield>
        <datafield tag="520" ind1=" " ind2=" ">
            <subfield code="a">The recolonization of human‐dominated landscapes by large carnivores
                has been followed with considerable scientific interest; however, little is known
                about their interactive effect on ungulate foraging behavior. This study compared
                the risks imposed by humans and lynx on ungulate foraging behavior by examining the
                effects of browsing intensity (at two spatial scales), diet quality, and tree
                species selection. We hypothesized that: (1) in areas with high risk imposed by
                humans and lynx browsing intensity would be reduced; (2) risk effects would interact
                with habitat visibility at a fine scale, resulting in contrasting browsing patterns
                in response to humans versus lynx risk; (3) ungulates compensate for the higher
                costs incurred in high‐risk areas by switching to a higher diet quality, and (4)
                browse a higher proportion of more‐preferred tree species. These hypotheses were
                tested by measuring browsing intensity along 48 transects located at different
                distances from human settlements within the hunted and nonhunted areas of the
                Bavarian Forest. Dung samples were collected and analyzed as a proxy of diet quality
                (C:N ratio, fiber). The spatial patterns of browsing intensity, diet quality, and
                tree species selection were then linked to lynx risk, hunting intensity, recreation
                intensity, and distance to human settlements. Our results showed that (1) browsing
                intensity strongly decreased with increasing recreational activities, whereas it
                increased with lynx risk; (2) only in close proximity to human settlements tree
                browsing was higher in dense habitats and (3) a higher diet quality was obtained.
                (4) We found a stronger avoidance of the less preferred tree species in high‐hunting
                intensity areas. In conclusion, our results indicate that the risk effects of human
                activities outweigh those of a natural large carnivore. Thus, highlighting the
                importance of taking those activities into account in predicting the impacts of
                large carnivores on ungulates and their plant‐food choices.</subfield>
        </datafield>
        <datafield tag="592" ind1=" " ind2=" ">
            <subfield code="a">Publisher supplied data</subfield>
        </datafield>
        <datafield tag="593" ind1=" " ind2=" ">
            <subfield code="a">PubAg article</subfield>
        </datafield>
        <datafield tag="596" ind1=" " ind2=" ">
            <subfield code="c">Bavarian Forest National Park</subfield>
        </datafield>
        <datafield tag="596" ind1=" " ind2=" ">
            <subfield code="c">Bavarian State Ministry of the Environment and Consumer
                Protection</subfield>
        </datafield>
        <datafield tag="596" ind1=" " ind2=" ">
            <subfield code="c">DAAD</subfield>
        </datafield>
        <datafield tag="596" ind1=" " ind2=" ">
            <subfield code="c">Gregor Louisoder Umweltstiftung</subfield>
        </datafield>
        <datafield tag="596" ind1=" " ind2=" ">
            <subfield code="a">2017/25/B/NZ8/02466</subfield>
            <subfield code="c">National Science Centre</subfield>
        </datafield>
        <datafield tag="650" ind1=" " ind2="3">
            <subfield code="a">Lynx lynx</subfield>
        </datafield>
        <datafield tag="650" ind1=" " ind2="3">
            <subfield code="a">carbon nitrogen ratio</subfield>
        </datafield>
        <datafield tag="650" ind1=" " ind2="3">
            <subfield code="a">carnivores</subfield>
        </datafield>
        <datafield tag="650" ind1=" " ind2="3">
            <subfield code="a">feces</subfield>
        </datafield>
        <datafield tag="650" ind1=" " ind2="3">
            <subfield code="a">food quality</subfield>
        </datafield>
        <datafield tag="650" ind1=" " ind2="3">
            <subfield code="a">habitats</subfield>
        </datafield>
        <datafield tag="650" ind1=" " ind2="3">
            <subfield code="a">humans</subfield>
        </datafield>
        <datafield tag="650" ind1=" " ind2="3">
            <subfield code="a">recreation</subfield>
        </datafield>
        <datafield tag="650" ind1=" " ind2="3">
            <subfield code="a">risk</subfield>
        </datafield>
        <datafield tag="650" ind1=" " ind2="3">
            <subfield code="a">temperate forests</subfield>
        </datafield>
        <datafield tag="650" ind1=" " ind2="3">
            <subfield code="a">trees</subfield>
        </datafield>
        <datafield tag="650" ind1=" " ind2="3">
            <subfield code="a">ungulates</subfield>
        </datafield>
        <datafield tag="700" ind1="1" ind2=" ">
            <subfield code="a">Deis, Michele H.</subfield>
            <subfield code="e">author</subfield>
            <subfield code="u">Forest Research Institute of Baden‐Württemberg, Freiburg,
                Germany</subfield>
        </datafield>
        <datafield tag="700" ind1="1" ind2=" ">
            <subfield code="a">Oeser, Julian</subfield>
            <subfield code="e">author</subfield>
            <subfield code="u">Geography Department, Humboldt‐Universität zu Berlin, Berlin,
                Germany</subfield>
            <subfield code="1">https://orcid.org/0000-0003-3216-6817</subfield>
        </datafield>
        <datafield tag="700" ind1="1" ind2=" ">
            <subfield code="a">Kuijper, Dries P. J.</subfield>
            <subfield code="e">author</subfield>
            <subfield code="u">Mammal Research Institute Polish Academy of Sciences, Białowieza,
                Poland</subfield>
        </datafield>
        <datafield tag="700" ind1="1" ind2=" ">
            <subfield code="a">Heurich, Marco</subfield>
            <subfield code="e">author</subfield>
            <subfield code="u">Department of Visitor Management and National Park Monitoring,
                Bavarian Forest National Park, Grafenau, Germany</subfield>
        </datafield>
        <datafield tag="773" ind1="0" ind2=" ">
            <subfield code="t">Ecosphere.</subfield>
            <subfield code="g">2022 Feb., v. 13, no. 2 p.e3931-</subfield>
            <subfield code="d">John Wiley &amp; Sons, Inc.</subfield>
            <subfield code="w">Journal:12363</subfield>
            <subfield code="x">2150-8925</subfield>
            <subfield code="7">nnas</subfield>
        </datafield>
        <datafield tag="787" ind1="1" ind2=" ">
            <subfield code="o">islandora_article_repository</subfield>
        </datafield>
        <datafield tag="787" ind1="1" ind2=" ">
            <subfield code="o">product_pubag</subfield>
        </datafield>
        <datafield tag="787" ind1="1" ind2=" ">
            <subfield code="o">(Journal)12363</subfield>
        </datafield>
        <datafield tag="856" ind1="4" ind2="0">
            <subfield code="u">https://dx.doi.org/10.1002/ecs2.3931</subfield>
            <subfield code="3">Available from publisher's site</subfield>
        </datafield>
        <datafield tag="912" ind1=" " ind2=" ">
            <subfield code="a">Article</subfield>
        </datafield>
        <datafield tag="914" ind1=" " ind2=" ">
            <subfield code="a">Journal:12363</subfield>
            <subfield code="b">2150-8925</subfield>
            <subfield code="c">13</subfield>
            <subfield code="d">2</subfield>
            <subfield code="e">e3931</subfield>
        </datafield>
        <datafield tag="914" ind1=" " ind2=" ">
            <subfield code="f">Ecosphere</subfield>
        </datafield>
        <datafield tag="916" ind1=" " ind2=" ">
            <subfield code="a">Batch:10238</subfield>
        </datafield>
        <datafield tag="917" ind1=" " ind2=" ">
            <subfield code="a">issued</subfield>
        </datafield>
        <datafield tag="918" ind1="2" ind2=" ">
            <subfield code="a">John Wiley &amp; Sons, Inc</subfield>
            <subfield code="e">provider</subfield>
            <subfield code="5">DNAL</subfield>
        </datafield>
        <datafield tag="935" ind1=" " ind2=" ">
            <subfield code="a">IND607680598</subfield>
            <subfield code="9">ExL</subfield>
        </datafield>
        <datafield tag="949" ind1=" " ind2=" ">
            <subfield code="a">2022-06-03</subfield>
        </datafield>
        <datafield tag="952" ind1=" " ind2=" ">
            <subfield code="d">NAL-AP-2-clean</subfield>
        </datafield>
        <datafield tag="953" ind1=" " ind2=" ">
            <subfield code="a">/data/metadata/incoming/wiley/21508925_2022_13_2.xml</subfield>
        </datafield>
        <datafield tag="954" ind1=" " ind2=" ">
            <subfield code="a">file:/data/metadata/staging/wiley/21508925_2022_13_2.xml</subfield>
        </datafield>
        <datafield tag="955" ind1=" " ind2=" ">
            <subfield code="a">/data/metadata/staging/wiley/</subfield>
        </datafield>
        <datafield tag="974" ind1=" " ind2=" ">
            <subfield code="a">agid:7680598</subfield>
        </datafield>
        <datafield tag="983" ind1=" " ind2=" ">
            <subfield code="a">2022-02-25</subfield>
        </datafield>
        <datafield tag="984" ind1=" " ind2=" ">
            <subfield code="a">2022-06-03</subfield>
        </datafield>
    </record>