
    <record>
        <leader>03831nab a2200577 u 4500</leader>
        <controlfield tag="001">9916309867307426</controlfield>
        <controlfield tag="005">20221118075443.0</controlfield>
        <controlfield tag="008">120315e201204 xx |||||o|||||||||||eng||</controlfield>
        <datafield tag="016" ind1="7" ind2=" ">
            <subfield code="a">IND44684483</subfield>
            <subfield code="2">DNAL</subfield>
        </datafield>
        <datafield tag="024" ind1="7" ind2=" ">
            <subfield code="a">10.1111/j.1365-3059.2011.02524.x</subfield>
            <subfield code="2">doi</subfield>
        </datafield>
        <datafield tag="035" ind1=" " ind2=" ">
            <subfield code="a">agid:414854-01nal_inst</subfield>
        </datafield>
        <datafield tag="040" ind1=" " ind2=" ">
            <subfield code="a">AGL</subfield>
            <subfield code="b">eng</subfield>
            <subfield code="c">AGL</subfield>
        </datafield>
        <datafield tag="100" ind1="1" ind2=" ">
            <subfield code="a">Spolti, P.</subfield>
            <subfield code="e">author</subfield>
            <subfield code="u">Departamento de Fitossanidade, Faculdade de Agronomia, Universidade
                Federal do Rio Grande do Sul, 91540‐000, Porto Alegre, RS Proterra Consultoria
                Agronômica Ltda. 95200‐000, Vacaria, RS Embrapa Mandioca e Fruticultura,
                44380‐000, Cruz da Almas, BA, Brazil</subfield>
        </datafield>
        <datafield tag="245" ind1="1" ind2="0">
            <subfield code="a">Comparative spatial analysis of the sooty blotch/flyspeck disease
                complex, bull’s eye and bitter rots of apples</subfield>
        </datafield>
        <datafield tag="300" ind1=" " ind2=" ">
            <subfield code="a">p. 271-280.</subfield>
        </datafield>
        <datafield tag="520" ind1=" " ind2=" ">
            <subfield code="a">The incidence of sooty blotch/flyspeck (SBFS) and bitter and bull’s
                eye rots were assessed in a Fuji apple orchard during two seasons. Using a regular
                sampling design, 252 trees were selected and 20 fruits per tree were sampled at
                harvest and scored for disease incidence. For bitter and bull’s eye rots,
                additional assessments were made on all symptomless fruit after a 30‐day period of
                storage. Randomness in the spatial pattern was assessed using beta‐binomial
                analysis of incidence data for three sampling scales (one, three or six adjacent
                trees as sampling units) and using Spatial Analysis by Distance Indices (sadie) for
                disease counts for the 3‐tree sampling scale. sadie was also used for testing
                spatial associations between a pair of diseases, between years for the same disease
                or between rotted and latently infected fruit. Using a toroidal‐shifts procedure,
                360 maps of disease counts were created based on the observed data, which were
                further analysed using sadie. Most datasets showed an aggregated spatial pattern,
                which was more consistent for the two fruit rots than SBFS, which showed distinct
                patterns depending on the year or method of analysis. The two fruit rots were
                spatially associated in most situations but SBFS and bull’s eye rot were
                dissociated in one season. Results from virtual orchards showed that the patterns
                observed in the original maps may accurately represent those in similar
                apple‐growing areas. Hypotheses regarding aspects of ecology and epidemiology of
                pathogens studied and potential efficacy of control measures in the region are
                discussed.</subfield>
        </datafield>
        <datafield tag="592" ind1=" " ind2=" ">
            <subfield code="a">Publisher supplied data</subfield>
        </datafield>
        <datafield tag="593" ind1=" " ind2=" ">
            <subfield code="a">PubAg article</subfield>
        </datafield>
        <datafield tag="650" ind1=" " ind2="3">
            <subfield code="a">apples</subfield>
        </datafield>
        <datafield tag="650" ind1=" " ind2="3">
            <subfield code="a">bulls</subfield>
        </datafield>
        <datafield tag="650" ind1=" " ind2="3">
            <subfield code="a">control methods</subfield>
        </datafield>
        <datafield tag="650" ind1=" " ind2="3">
            <subfield code="a">disease incidence</subfield>
        </datafield>
        <datafield tag="650" ind1=" " ind2="3">
            <subfield code="a">epidemiological studies</subfield>
        </datafield>
        <datafield tag="650" ind1=" " ind2="3">
            <subfield code="a">eyes</subfield>
        </datafield>
        <datafield tag="650" ind1=" " ind2="3">
            <subfield code="a">fruit trees</subfield>
        </datafield>
        <datafield tag="650" ind1=" " ind2="3">
            <subfield code="a">fruits</subfield>
        </datafield>
        <datafield tag="650" ind1=" " ind2="3">
            <subfield code="a">orchards</subfield>
        </datafield>
        <datafield tag="650" ind1=" " ind2="3">
            <subfield code="a">plant rots</subfield>
        </datafield>
        <datafield tag="650" ind1=" " ind2="3">
            <subfield code="a">storage time</subfield>
        </datafield>
        <datafield tag="700" ind1="1" ind2=" ">
            <subfield code="a">Valdebenito‐Sanhueza, R. M.</subfield>
            <subfield code="e">author</subfield>
        </datafield>
        <datafield tag="700" ind1="1" ind2=" ">
            <subfield code="a">Laranjeira, F. F.</subfield>
            <subfield code="e">author</subfield>
        </datafield>
        <datafield tag="700" ind1="1" ind2=" ">
            <subfield code="a">Del Ponte, E. M.</subfield>
            <subfield code="e">author</subfield>
        </datafield>
        <datafield tag="773" ind1="0" ind2=" ">
            <subfield code="t">Plant pathology.</subfield>
            <subfield code="g">2012 Apr., v. 61, no. 2 p.271-280</subfield>
            <subfield code="d">Blackwell Publishing Ltd</subfield>
            <subfield code="x">0032-0862</subfield>
            <subfield code="7">nnas</subfield>
        </datafield>
        <datafield tag="787" ind1="1" ind2=" ">
            <subfield code="o">islandora_article_repository</subfield>
        </datafield>
        <datafield tag="787" ind1="1" ind2=" ">
            <subfield code="o">product_pubag</subfield>
        </datafield>
        <datafield tag="787" ind1="1" ind2=" ">
            <subfield code="o">(Journal)jnl44596</subfield>
        </datafield>
        <datafield tag="856" ind1="4" ind2="0">
            <subfield code="u">http://dx.doi.org/10.1111/j.1365-3059.2011.02524.x</subfield>
        </datafield>
        <datafield tag="912" ind1=" " ind2=" ">
            <subfield code="a">Article</subfield>
        </datafield>
        <datafield tag="914" ind1=" " ind2=" ">
            <subfield code="a">Journal:jnl44596</subfield>
            <subfield code="b">0032-0862</subfield>
            <subfield code="c">61</subfield>
            <subfield code="d">2</subfield>
            <subfield code="e">271</subfield>
        </datafield>
        <datafield tag="914" ind1=" " ind2=" ">
            <subfield code="f">Plant pathology</subfield>
        </datafield>
        <datafield tag="917" ind1=" " ind2=" ">
            <subfield code="a">issued</subfield>
        </datafield>
        <datafield tag="918" ind1="2" ind2=" ">
            <subfield code="a">John Wiley &amp; Sons, Inc</subfield>
            <subfield code="e">provider</subfield>
            <subfield code="5">DNAL</subfield>
        </datafield>
        <datafield tag="935" ind1=" " ind2=" ">
            <subfield code="a">IND44684483</subfield>
            <subfield code="9">ExL</subfield>
        </datafield>
        <datafield tag="949" ind1=" " ind2=" ">
            <subfield code="a">2013-06-05</subfield>
        </datafield>
        <datafield tag="951" ind1=" " ind2=" ">
            <subfield code="a">2012-03-15</subfield>
        </datafield>
        <datafield tag="953" ind1=" " ind2=" ">
            <subfield code="a">00320862_2012_61_2.xml</subfield>
        </datafield>
        <datafield tag="962" ind1=" " ind2=" ">
            <subfield code="a">Journal ISSN is 1365-3059</subfield>
        </datafield>
        <datafield tag="962" ind1=" " ind2=" ">
            <subfield code="a">Batch:223 annotated on 2013-05-14T13:27:55Z</subfield>
        </datafield>
        <datafield tag="962" ind1=" " ind2=" ">
            <subfield code="a">Batch:223 reviewed on 2013-06-05T17:00:02Z</subfield>
        </datafield>
        <datafield tag="962" ind1=" " ind2=" ">
            <subfield code="a">Batch:223 reviewed on 2013-06-05T18:00:02Z</subfield>
        </datafield>
        <datafield tag="974" ind1=" " ind2=" ">
            <subfield code="a">agid:414854</subfield>
        </datafield>
    </record>