
    <record>
        <leader>05544nab a2200769 u 4500</leader>
        <controlfield tag="001">9916310195107426</controlfield>
        <controlfield tag="005">20221118084753.0</controlfield>
        <controlfield tag="008">210904e202110 xx |||||o|||||||||||eng||</controlfield>
        <datafield tag="016" ind1="7" ind2=" ">
            <subfield code="a">IND607450770</subfield>
            <subfield code="2">DNAL</subfield>
        </datafield>
        <datafield tag="024" ind1="7" ind2=" ">
            <subfield code="a">10.1016/j.rse.2021.112587</subfield>
            <subfield code="2">doi</subfield>
        </datafield>
        <datafield tag="035" ind1=" " ind2=" ">
            <subfield code="a">agid:7450770-01nal_inst</subfield>
        </datafield>
        <datafield tag="040" ind1=" " ind2=" ">
            <subfield code="a">AGL</subfield>
            <subfield code="b">eng</subfield>
            <subfield code="c">AGL</subfield>
        </datafield>
        <datafield tag="100" ind1="1" ind2=" ">
            <subfield code="a">Liu, Xiangzhuo</subfield>
            <subfield code="e">author</subfield>
            <subfield code="u">INRAE, UMR1391 ISPA, Université de Bordeaux, F-33140 Villenave
                d'Ornon, France</subfield>
        </datafield>
        <datafield tag="245" ind1="1" ind2="0">
            <subfield code="a">ASCAT IB: A radar-based vegetation optical depth retrieved from the
                ASCAT scatterometer satellite</subfield>
        </datafield>
        <datafield tag="520" ind1=" " ind2=" ">
            <subfield code="a">Vegetation optical depth (VOD), as a microwave-based vegetation index
                for vegetation water and biomass content, is increasingly used to study the impact
                of global climate and environmental changes on vegetation. Currently, VOD is mainly
                retrieved from passive microwave data and few studies focused on VOD retrievals from
                active microwave data. The Advanced SCATterometer (ASCAT) provides long-term C-band
                backscatter data at Vertical-Vertical (VV) polarization. In this study, a new ASCAT
                INRAE Bordeaux (IB) VOD (hereafter, IB VOD), was developed based on the Water Cloud
                Model (WCM) coupled with the Ulaby linear model for soil backscattering. The main
                features of IB VOD are that (i) the ERA5-Land soil moisture (SM) dataset was used as
                an auxiliary SM dataset in the retrievals, (ii) pixel-based soil model parameters
                were mapped using Random Forest (RF), and (iii) the vegetation model parameter was
                calibrated for each day. The IB VOD product was retrieved over Africa during
                2015–2019, and its performances were evaluated in space and time by comparing with
                aboveground biomass (AGB), lidar tree height (TH), normalized difference vegetation
                index (NDVI), enhanced vegetation index (EVI) and leaf area index (LAI). Results
                were inter-compared with three other VOD products at the same frequency. In terms of
                spatial correlation with AGB (R = 0.92) and TH (R = 0.89), IB VOD outperforms the
                other VOD products, suggesting IB VOD has a strong ability to capture spatial
                patterns of AGB and TH. By comparing all VOD products against NDVI, EVI and LAI, we
                found that the highest temporal correlation with NDVI (EVI, LAI) was obtained with
                IB VOD over 29.94% (36.65%, 30.19%) of the study region. Considering all three
                vegetations indices, highest temporal correlation values with IB VOD could be
                particularly noted for deciduous broadleaf forests, woody savannas and
                savannas.</subfield>
        </datafield>
        <datafield tag="592" ind1=" " ind2=" ">
            <subfield code="a">Publisher supplied data</subfield>
        </datafield>
        <datafield tag="593" ind1=" " ind2=" ">
            <subfield code="a">PubAg article</subfield>
        </datafield>
        <datafield tag="650" ind1=" " ind2="3">
            <subfield code="a">aboveground biomass</subfield>
        </datafield>
        <datafield tag="650" ind1=" " ind2="3">
            <subfield code="a">climate</subfield>
        </datafield>
        <datafield tag="650" ind1=" " ind2="3">
            <subfield code="a">data collection</subfield>
        </datafield>
        <datafield tag="650" ind1=" " ind2="3">
            <subfield code="a">environment</subfield>
        </datafield>
        <datafield tag="650" ind1=" " ind2="3">
            <subfield code="a">leaf area index</subfield>
        </datafield>
        <datafield tag="650" ind1=" " ind2="3">
            <subfield code="a">lidar</subfield>
        </datafield>
        <datafield tag="650" ind1=" " ind2="3">
            <subfield code="a">linear models</subfield>
        </datafield>
        <datafield tag="650" ind1=" " ind2="3">
            <subfield code="a">satellites</subfield>
        </datafield>
        <datafield tag="650" ind1=" " ind2="3">
            <subfield code="a">soil water</subfield>
        </datafield>
        <datafield tag="650" ind1=" " ind2="3">
            <subfield code="a">space and time</subfield>
        </datafield>
        <datafield tag="650" ind1=" " ind2="3">
            <subfield code="a">tree height</subfield>
        </datafield>
        <datafield tag="651" ind1=" " ind2="3">
            <subfield code="a">Africa</subfield>
        </datafield>
        <datafield tag="653" ind1=" " ind2="0">
            <subfield code="a">VOD</subfield>
        </datafield>
        <datafield tag="653" ind1=" " ind2="0">
            <subfield code="a">ASCAT</subfield>
        </datafield>
        <datafield tag="653" ind1=" " ind2="0">
            <subfield code="a">Active microwave</subfield>
        </datafield>
        <datafield tag="653" ind1=" " ind2="0">
            <subfield code="a">Biomass</subfield>
        </datafield>
        <datafield tag="653" ind1=" " ind2="0">
            <subfield code="a">NDVI</subfield>
        </datafield>
        <datafield tag="653" ind1=" " ind2="0">
            <subfield code="a">EVI</subfield>
        </datafield>
        <datafield tag="653" ind1=" " ind2="0">
            <subfield code="a">LAI</subfield>
        </datafield>
        <datafield tag="700" ind1="1" ind2=" ">
            <subfield code="a">Wigneron, Jean-Pierre</subfield>
            <subfield code="e">author</subfield>
            <subfield code="u">INRAE, UMR1391 ISPA, Université de Bordeaux, F-33140 Villenave
                d'Ornon, France</subfield>
        </datafield>
        <datafield tag="700" ind1="1" ind2=" ">
            <subfield code="a">Fan, Lei</subfield>
            <subfield code="e">author</subfield>
            <subfield code="u">Chongqing Jinfo Mountain Karst Ecosystem National Observation and
                Research Station, School of Geographical Sciences, Southwest University, Chongqing
                400715, China</subfield>
        </datafield>
        <datafield tag="700" ind1="1" ind2=" ">
            <subfield code="a">Frappart, Frédéric</subfield>
            <subfield code="e">author</subfield>
            <subfield code="u">INRAE, UMR1391 ISPA, Université de Bordeaux, F-33140 Villenave
                d'Ornon, France</subfield>
        </datafield>
        <datafield tag="700" ind1="1" ind2=" ">
            <subfield code="a">Ciais, Philippe</subfield>
            <subfield code="e">author</subfield>
            <subfield code="u">Laboratoire des Sciences du Climat et de l'Environnement,
                CEA/CNRS/UVSQ/Université Paris Saclay, Gif-sur-Yvette, France</subfield>
        </datafield>
        <datafield tag="700" ind1="1" ind2=" ">
            <subfield code="a">Baghdadi, Nicolas</subfield>
            <subfield code="e">author</subfield>
            <subfield code="u">INRAE, UMR TETIS, University of Montpellier, 500 rue François Breton,
                34093 Montpellier CEDEX 5, France</subfield>
        </datafield>
        <datafield tag="700" ind1="1" ind2=" ">
            <subfield code="a">Zribi, Mehrez</subfield>
            <subfield code="e">author</subfield>
            <subfield code="u">CESBIO, Université de Toulouse, CNRS/UPS/IRD/CNES, 18 av. Edouard
                Belin, bpi 2801, CEDEX 9, 31401 Toulouse, France</subfield>
        </datafield>
        <datafield tag="700" ind1="1" ind2=" ">
            <subfield code="a">Jagdhuber, Thomas</subfield>
            <subfield code="e">author</subfield>
            <subfield code="u">German Aerospace Center, DLR Microwaves and Radar Institute, P.O. BOX
                1116, 82234 Wessling, Germany</subfield>
        </datafield>
        <datafield tag="700" ind1="1" ind2=" ">
            <subfield code="a">Li, Xiaojun</subfield>
            <subfield code="e">author</subfield>
            <subfield code="u">INRAE, UMR1391 ISPA, Université de Bordeaux, F-33140 Villenave
                d'Ornon, France</subfield>
        </datafield>
        <datafield tag="700" ind1="1" ind2=" ">
            <subfield code="a">Wang, Mengjia</subfield>
            <subfield code="e">author</subfield>
            <subfield code="u">INRAE, UMR1391 ISPA, Université de Bordeaux, F-33140 Villenave
                d'Ornon, France</subfield>
        </datafield>
        <datafield tag="700" ind1="1" ind2=" ">
            <subfield code="a">Bai, Xiaojing</subfield>
            <subfield code="e">author</subfield>
            <subfield code="u">School of Hydrology and Water Resources, Nanjing University of
                Information Science &amp; Technology, Nanjing 210044, China</subfield>
        </datafield>
        <datafield tag="700" ind1="1" ind2=" ">
            <subfield code="a">Moisy, Christophe</subfield>
            <subfield code="e">author</subfield>
            <subfield code="u">INRAE, UMR1391 ISPA, Université de Bordeaux, F-33140 Villenave
                d'Ornon, France</subfield>
        </datafield>
        <datafield tag="773" ind1="0" ind2=" ">
            <subfield code="t">Remote sensing of environment.</subfield>
            <subfield code="g">2021 Oct., v. 264 p.112587-</subfield>
            <subfield code="d">Elsevier Inc.</subfield>
            <subfield code="w">Journal:11735</subfield>
            <subfield code="x">0034-4257</subfield>
            <subfield code="7">nnas</subfield>
        </datafield>
        <datafield tag="787" ind1="1" ind2=" ">
            <subfield code="o">islandora_article_repository</subfield>
        </datafield>
        <datafield tag="787" ind1="1" ind2=" ">
            <subfield code="o">product_pubag</subfield>
        </datafield>
        <datafield tag="787" ind1="1" ind2=" ">
            <subfield code="o">(Journal)11735</subfield>
        </datafield>
        <datafield tag="856" ind1="4" ind2="0">
            <subfield code="u">https://dx.doi.org/10.1016/j.rse.2021.112587</subfield>
            <subfield code="3">Available from publisher's site</subfield>
        </datafield>
        <datafield tag="912" ind1=" " ind2=" ">
            <subfield code="a">Article</subfield>
        </datafield>
        <datafield tag="914" ind1=" " ind2=" ">
            <subfield code="a">Journal:11735</subfield>
            <subfield code="b">0034-4257</subfield>
            <subfield code="c">264</subfield>
            <subfield code="e">112587</subfield>
        </datafield>
        <datafield tag="914" ind1=" " ind2=" ">
            <subfield code="f">Remote sensing of environment</subfield>
        </datafield>
        <datafield tag="916" ind1=" " ind2=" ">
            <subfield code="a">Batch:10190</subfield>
        </datafield>
        <datafield tag="917" ind1=" " ind2=" ">
            <subfield code="a">issued</subfield>
        </datafield>
        <datafield tag="918" ind1="2" ind2=" ">
            <subfield code="a">Elsevier Consyn</subfield>
            <subfield code="e">provider</subfield>
            <subfield code="5">DNAL</subfield>
        </datafield>
        <datafield tag="935" ind1=" " ind2=" ">
            <subfield code="a">IND607450770</subfield>
            <subfield code="9">ExL</subfield>
        </datafield>
        <datafield tag="949" ind1=" " ind2=" ">
            <subfield code="a">2022-02-22</subfield>
        </datafield>
        <datafield tag="952" ind1=" " ind2=" ">
            <subfield code="d">NAL-AP-2-clean</subfield>
        </datafield>
        <datafield tag="953" ind1=" " ind2=" ">
            <subfield code="a">/data/metadata/incoming/consyn/154983941765369678-00001-HEAD-ONLY-NEW
                CONSYN ISSNS.zip</subfield>
        </datafield>
        <datafield tag="954" ind1=" " ind2=" ">
            <subfield code="a">file:/data/metadata/staging/consyn/S0034425721003072.xml</subfield>
        </datafield>
        <datafield tag="955" ind1=" " ind2=" ">
            <subfield code="a">/data/metadata/staging/consyn/</subfield>
        </datafield>
        <datafield tag="974" ind1=" " ind2=" ">
            <subfield code="a">agid:7450770</subfield>
        </datafield>
        <datafield tag="983" ind1=" " ind2=" ">
            <subfield code="a">2021-09-04</subfield>
        </datafield>
        <datafield tag="984" ind1=" " ind2=" ">
            <subfield code="a">2022-02-17</subfield>
        </datafield>
    </record>