
    <record>
        <leader>03947nab a2200637 u 4500</leader>
        <controlfield tag="001">9916310964807426</controlfield>
        <controlfield tag="005">20221118092150.0</controlfield>
        <controlfield tag="008">171031e201712 xx |||||o|||||||||||eng||</controlfield>
        <datafield tag="016" ind1="7" ind2=" ">
            <subfield code="a">IND605850422</subfield>
            <subfield code="2">DNAL</subfield>
        </datafield>
        <datafield tag="024" ind1="7" ind2=" ">
            <subfield code="a">10.1007/s10592-017-0993-z</subfield>
            <subfield code="2">doi</subfield>
        </datafield>
        <datafield tag="035" ind1=" " ind2=" ">
            <subfield code="a">agid:5850422-01nal_inst</subfield>
        </datafield>
        <datafield tag="040" ind1=" " ind2=" ">
            <subfield code="a">AGL</subfield>
            <subfield code="b">eng</subfield>
            <subfield code="c">AGL</subfield>
        </datafield>
        <datafield tag="100" ind1="1" ind2=" ">
            <subfield code="a">Kassa, Alemayehu</subfield>
            <subfield code="e">author</subfield>
        </datafield>
        <datafield tag="245" ind1="1" ind2="0">
            <subfield code="a">Landscape genetic structure of Olea europaea subsp. cuspidata in
                Ethiopian highland forest fragments</subfield>
        </datafield>
        <datafield tag="300" ind1=" " ind2=" ">
            <subfield code="a">p. 1463-1474.</subfield>
        </datafield>
        <datafield tag="520" ind1=" " ind2=" ">
            <subfield code="a">Understanding patterns of genetic diversity at the landscape scale
                will enhance conservation and management of natural populations. Here we analyzed
                the genetic diversity, population connectivity, and spatial genetic structure among
                subpopulations and age groups of Olea europaea subsp. cuspidata, a cornerstone
                species of the Afromontane highlands. The study was conducted at the landscape level
                within a radius of approximately 4 km, as well as on a fine scale (intensive study
                plot) of less than 300 m radius. In total 542 samples from four natural
                subpopulations in northwestern Ethiopia were analyzed using ten nuclear
                microsatellite markers. Inbreeding was higher in smaller populations. No genetic
                difference was detected among cohorts of different tree sizes in the intensive
                studied plot. Average population differentiation was low but significant (F ST
                = 0.016). Landscape genetic analysis inferred two groups: the most distant
                subpopulation WE located less than 4 kms from the other three subpopulations formed
                a separate group. Sixty-four percent of the total migrants were shared among the
                three latter subpopulations, which are spatially clustered. Immigrants were
                non-randomly distributed inside of the intensive study plot. Significant spatial
                genetic structure (SGS) was found both at the landscape scale and in the intensive
                study plot, and adults showed stronger SGS than young trees. An indirect estimate of
                220 m as mean gene dispersal distance was obtained. We conclude that even under
                fragmentation migration is not disrupted in wild olive trees and that large
                protected populations at church forests are very important to conserve genetic
                resources. However, the higher level of inbreeding and evidence for population
                bottlenecks in the small populations, as well as the persisting heavy pressure on
                most remaining populations, warrants quick action to maintain genetic diversity of
                wild olive in the Ethiopian highlands.</subfield>
        </datafield>
        <datafield tag="592" ind1=" " ind2=" ">
            <subfield code="a">Publisher supplied data</subfield>
        </datafield>
        <datafield tag="593" ind1=" " ind2=" ">
            <subfield code="a">PubAg article</subfield>
        </datafield>
        <datafield tag="650" ind1=" " ind2="3">
            <subfield code="a">Olea europaea</subfield>
        </datafield>
        <datafield tag="650" ind1=" " ind2="3">
            <subfield code="a">adults</subfield>
        </datafield>
        <datafield tag="650" ind1=" " ind2="3">
            <subfield code="a">forests</subfield>
        </datafield>
        <datafield tag="650" ind1=" " ind2="3">
            <subfield code="a">genes</subfield>
        </datafield>
        <datafield tag="650" ind1=" " ind2="3">
            <subfield code="a">genetic analysis</subfield>
        </datafield>
        <datafield tag="650" ind1=" " ind2="3">
            <subfield code="a">genetic markers</subfield>
        </datafield>
        <datafield tag="650" ind1=" " ind2="3">
            <subfield code="a">genetic variation</subfield>
        </datafield>
        <datafield tag="650" ind1=" " ind2="3">
            <subfield code="a">habitat fragmentation</subfield>
        </datafield>
        <datafield tag="650" ind1=" " ind2="3">
            <subfield code="a">highlands</subfield>
        </datafield>
        <datafield tag="650" ind1=" " ind2="3">
            <subfield code="a">immigration</subfield>
        </datafield>
        <datafield tag="650" ind1=" " ind2="3">
            <subfield code="a">inbreeding</subfield>
        </datafield>
        <datafield tag="650" ind1=" " ind2="3">
            <subfield code="a">landscape genetics</subfield>
        </datafield>
        <datafield tag="650" ind1=" " ind2="3">
            <subfield code="a">landscapes</subfield>
        </datafield>
        <datafield tag="650" ind1=" " ind2="3">
            <subfield code="a">olives</subfield>
        </datafield>
        <datafield tag="650" ind1=" " ind2="3">
            <subfield code="a">population dynamics</subfield>
        </datafield>
        <datafield tag="650" ind1=" " ind2="3">
            <subfield code="a">trees</subfield>
        </datafield>
        <datafield tag="651" ind1=" " ind2="3">
            <subfield code="a">Ethiopia</subfield>
        </datafield>
        <datafield tag="700" ind1="1" ind2=" ">
            <subfield code="a">Konrad, Heino</subfield>
            <subfield code="e">author</subfield>
        </datafield>
        <datafield tag="700" ind1="1" ind2=" ">
            <subfield code="a">Geburek, Thomas</subfield>
            <subfield code="e">author</subfield>
        </datafield>
        <datafield tag="773" ind1="0" ind2=" ">
            <subfield code="t">Conservation genetics.</subfield>
            <subfield code="g">2017 Dec., v. 18, no. 6 p.1463-1474</subfield>
            <subfield code="d">Springer Netherlands</subfield>
            <subfield code="x">1566-0621</subfield>
            <subfield code="7">nnas</subfield>
        </datafield>
        <datafield tag="787" ind1="1" ind2=" ">
            <subfield code="o">islandora_article_repository</subfield>
        </datafield>
        <datafield tag="787" ind1="1" ind2=" ">
            <subfield code="o">product_pubag</subfield>
        </datafield>
        <datafield tag="787" ind1="1" ind2=" ">
            <subfield code="o">(Journal)jnl3870040</subfield>
        </datafield>
        <datafield tag="856" ind1="4" ind2="0">
            <subfield code="u">http://dx.doi.org/10.1007/s10592-017-0993-z</subfield>
            <subfield code="3">Available from publisher's site</subfield>
        </datafield>
        <datafield tag="912" ind1=" " ind2=" ">
            <subfield code="a">Article</subfield>
        </datafield>
        <datafield tag="914" ind1=" " ind2=" ">
            <subfield code="a">Journal:jnl3870040</subfield>
            <subfield code="b">1566-0621</subfield>
            <subfield code="c">18</subfield>
            <subfield code="d">6</subfield>
            <subfield code="e">1463</subfield>
        </datafield>
        <datafield tag="914" ind1=" " ind2=" ">
            <subfield code="f">Conservation genetics</subfield>
        </datafield>
        <datafield tag="916" ind1=" " ind2=" ">
            <subfield code="a">Batch:1887</subfield>
        </datafield>
        <datafield tag="917" ind1=" " ind2=" ">
            <subfield code="a">issued</subfield>
        </datafield>
        <datafield tag="918" ind1="2" ind2=" ">
            <subfield code="a">Springer</subfield>
            <subfield code="e">provider</subfield>
            <subfield code="5">DNAL</subfield>
        </datafield>
        <datafield tag="935" ind1=" " ind2=" ">
            <subfield code="a">IND605850422</subfield>
            <subfield code="9">ExL</subfield>
        </datafield>
        <datafield tag="949" ind1=" " ind2=" ">
            <subfield code="a">2018-02-09</subfield>
        </datafield>
        <datafield tag="953" ind1=" " ind2=" ">
            <subfield code="a">ftp_PUB_17-10-31_06-10-41.zip</subfield>
        </datafield>
        <datafield tag="962" ind1=" " ind2=" ">
            <subfield code="a">Journal title changed from 'Conserv Genet'</subfield>
        </datafield>
        <datafield tag="962" ind1=" " ind2=" ">
            <subfield code="a">Batch:1887 reviewed on 2018-02-09T14:00:03Z</subfield>
        </datafield>
        <datafield tag="974" ind1=" " ind2=" ">
            <subfield code="a">agid:5850422</subfield>
        </datafield>
        <datafield tag="983" ind1=" " ind2=" ">
            <subfield code="a">2017-10-31</subfield>
        </datafield>
        <datafield tag="984" ind1=" " ind2=" ">
            <subfield code="a">2018-02-09</subfield>
        </datafield>
    </record>